2101 2869
241 157 296 195 42
497 149 967 196 ELEMENTA
1027 155 1690 214 ARITHMETICAE.

243 256 277 281 2.
307 247 394 291 Qae
412 244 594 283 intelleetus
612 249 785 284 meditatur
802 273 813 292 ‚
852 263 889 286 ea
902 275 912 290 ,
952 265 1056 300 quan.

291 304 362 331 tum
386 294 456 332 fieri
477 299 604 345 potest,
637 299 860 347 imaginationi
889 304 1054 349 praesentia

288 345 424 384 fistenda
449 346 533 384 effe:
559 350 649 395 quod
669 349 848 386 observasse
875 352 908 386 in
929 356 1052 400 tyroni-

288 395 350 432 bus
365 398 706 445 quoqueiustituendis
720 399 897 447 plurimum
906 405 1050 450 prodest,

286 459 363 481 curn
372 448 412 482 ad
423 448 601 496 diseiplinas
611 450 753 484 animum
767 451 962 499 appellentes
974 467 1050 503 ope.

285 498 467 533 rationibus
482 498 663 534 intelleetus
676 501 748 547 puri
771 514 886 549 parum
910 502 969 539 sint
994 508 1048 540 ad-

284 545 382 585 sueti,
425 550 630 597 operationes
657 563 734 585 vero
759 551 1002 600 imaginationis
1031 569 1047 589 a

282 598 398 645 primis
419 601 532 646 (quod
546 599 650 633 Graeci
665 601 773 643 aiunt)
795 599 979 652 unguiculis
1001 604 1047 640 fa.

281 646 498 684 miliariffimae
519 649 591 697 ipsis
617 649 760 686 existant.

226 747 298 796 Ipsa
323 760 402 784 vero
420 749 480 784 haec
505 761 710 787 numerorum
728 753 863 800 scriptio
887 754 1016 802 prastat
1031 780 1041 794 ,

224 807 263 834 nt
273 799 452 835 intellectus
468 810 537 835 tum
551 800 672 848 singula
681 801 851 849 sigillatim
862 807 1016 841 meditari
1031 830 1041 845 ‚

223 857 294 884 tum
307 848 431 894 singula
459 862 529 885 cum
547 850 678 897 singulis
694 877 705 891 ‚
732 863 831 901 prout
848 859 1042 893 commodum

222 898 325 944 visum
334 898 443 944 fuerit
455 923 467 938 ‚
496 899 642 945 conferre
651 903 751 950 poffit.
782 905 866 942 Vide
880 907 1041 953 imprimis

216 961 285 985 icor.
308 950 451 997 1.probl.
473 963 504 988 2.
520 952 579 992 (5.
596 955 682 997 98),
698 954 804 1000 probl.
821 966 855 996 4.
874 958 1038 999 (AY-103),

218 998 324 1045 probl.
338 1011 393 1034 11.
412 1001 578 1046 (91116),
603 1003 758 1050 &probb
777 1016 832 1046 14.
852 1007 912 1048 (5.
927 1018 994 1041 120
1011 1010 1038 1049 ).

220 1051 400 1096 Utrumque
413 1049 616 1096 difficultates
628 1056 751 1099 partim
765 1067 804 1091 ex
818 1068 927 1091 rerum
939 1060 1038 1098 medi-

218 1101 390 1135 tandarum
407 1100 489 1144 sbrie
525 1103 622 1137 nimis
651 1107 744 1149 longa
773 1107 874 1150 enasci
897 1105 1034 1151 solitas,

213 1152 340 1197 partim
364 1152 497 1188 ordini,
532 1163 594 1198 quo
619 1155 826 1200 cogitationes
849 1165 1037 1203 promoven-

216 1208 274 1235 tur
288 1223 299 1238 ,
321 1210 436 1247 parum
453 1203 653 1239 convenienti
670 1203 796 1241 debitas
808 1206 908 1244 tollit.
943 1210 1035 1245 Unde

217 1249 320 1296 liquet

219 1309 251 1341 3.
280 1302 331 1336 Ad
355 1301 564 1337 minuendam
590 1303 623 1338 in
649 1305 837 1340 meditando
864 1307 1034 1344 difficulta-

265 1359 330 1385 tem
353 1350 476 1399 fiugula
499 1353 647 1388 distinete
668 1355 896 1403 imaginationi
919 1371 1033 1406 reprae-

263 1399 413 1437 sentanda
435 1400 514 1441 esse,
536 1404 580 1437 ita
602 1413 638 1439 ut
653 1404 824 1452 objeetum
849 1409 1032 1443 meditatio..

262 1451 312 1486 nis
337 1449 578 1499 repraesentetur
604 1452 779 1490 secundum
808 1470 924 1492 omnes
951 1459 1031 1494 rela-

261 1501 366 1536 tiones
388 1502 476 1538 datas
488 1507 523 1538 &
536 1513 605 1538 tota
626 1506 726 1539 totius
740 1506 976 1554 repraeseutatio
990 1522 1028 1545 ex

261 1551 450 1598 partialibus
483 1552 678 1601 fingularum
716 1555 912 1592 relationum
939 1572 1028 1594 com-

261 1613 413 1648 ponatur.
442 1605 538 1638 Hanc
561 1604 706 1653 regulam
732 1606 765 1641 iu
796 1612 886 1644 Arte
902 1608 1027 1645 charac-

259 1654 401 1697 teristica
419 1652 614 1700 perficienda
626 1656 737 1703 magni
764 1659 924 1693 momenti
940 1659 1000 1695 else
1014 1687 1025 1701 ,

259 1701 394 1737 inferius
415 1704 448 1737 in
478 1703 750 1752 Analyfipatebit.
776 1709 900 1743 Eadem
916 1709 1025 1745 secun-

260 1753 425 1799 daejunsta
439 1762 593 1799 tyronum
609 1756 801 1792 institutioni
811 1760 940 1808 egregia
954 1759 1023 1808 sup.

259 1803 382 1851 peditat
397 1805 596 1850 adjumenta.
648 1805 784 1842 Inservit
797 1809 895 1843 etiam
908 1811 1022 1846 confu-

261 1850 301 1888 [τε
318 1854 504 1901 *cognitioni
529 1868 643 1890 eorum
656 1880 666 1894 ‚
680 1869 752 1904 quae
780 1857 941 1906 sigillatim
963 1860 1023 1896 dis-

258 1903 360 1938 tinete
381 1905 512 1952 cognita
534 1905 667 1941 fuerunt
697 1920 705 1940 τ
748 1911 838 1954 cujus
860 1908 950 1945 usum
969 1913 1023 1947 de-

261 1954 512 1990 monstrationes
534 1958 751 1993 Geometricae
780 1958 915 1995 iuferius
942 1974 1021 1997 con-

257 2003 415 2052 cipiendae
430 2004 617 2053 loquentur.

206 2108 381 2144 linearum
397 2105 440 2141 Θ
452 2105 563 2141 lunulae
578 2107 706 2148 dubius,
719 2117 867 2148 notarum
875 2111 990 2148 deletio
1006 2137 1017 2150 ‚

203 2156 356 2205 puntium
393 2157 476 2190 notis
505 2158 630 2192 unitate
665 2160 827 2196 mulc‘latis
860 2160 1018 2209 adjet'ium

205 2209 399 2254 impediunt,
425 2218 463 2241 ne
482 2207 586 2242 eadem
605 2217 664 2254 pro
689 2209 821 2254 diverfis
839 2221 896 2246 aut
911 2214 1019 2248 diver-

201 2254 237 2303 sa
246 2265 309 2304 pro
320 2255 429 2300 iisdem
442 2254 595 2292 habentes
608 2259 644 2294 in
657 2270 800 2297 errorem
821 2263 1015 2299 incidamus:

205 2317 268 2355 quo
290 2305 353 2354 ipso
379 2307 526 2342 docemur

206 2417 242 2449 4,
258 2409 345 2451 Qae
360 2403 431 2440 {unt
457 2406 569 2441 eadem
584 2406 617 2441 in
637 2407 821 2452 intellestu,
848 2424 885 2449 ut
903 2415 1015 2450 eadem

255 2453 471 2504 repraesentari
506 2455 625 2492 debere
645 2457 869 2508 imaginationi
891 2481 905 2506 ,·
945 2477 1016 2512 quae

203 2545 205 2549 ,
256 2518 338 2547 vero
365 2505 487 2552 diversa
511 2504 583 2555 sunt
602 2507 636 2545 in
655 2508 823 2551 intellectu
844 2537 858 2559 ρ
898 2524 934 2557 ut
971 2515 1017 2552 di.

1198 258 1285 295 versa
1318 275 1452 311 quoque
1478 267 1730 316 repraesentanda
1758 267 1829 307 esse.
1875 274 1958 313 Sunt

1196 312 1309 347 eadem
1329 318 1363 350 in
1384 316 1550 353 intelleetu
1575 343 1587 358 ,
1629 332 1701 366 quae
1733 317 1789 354 sub
1816 325 1956 362 notione

1195 366 1363 399 communi
1380 368 1601 405 continentur.
1647 372 1728 404 Haec
1749 382 1827 408 vero
1844 376 1954 423 regula

1194 415 1297 449 errori
1322 417 1519 461 potiffimum
1541 418 1690 456 discavet.

1142 478 1413 523 Progrediendum
1441 498 1521 522 nunc
1546 489 1586 522 ad
1612 487 1750 523 alterum
1771 491 1953 536 regularum

1136 536 1254 570 genus,
1277 532 1394 576 quibus
1407 537 1582 572 intelleiius
1590 546 1692 584 purus
1700 543 1850 584 juvatur.
1876 543 1953 578 Nu.

1140 579 1223 612 meri
1243 583 1314 616 dati
1349 583 1582 632 distinguuntur
1605 589 1639 622 in
1665 592 1774 624 varias
1807 591 1912 636 classes
1938 620 1950 636 ,

1139 637 1248 674 nempe
1274 633 1307 666 in
1327 636 1489 674 unitates,
1526 639 1655 672 decades
1678 662 1687 676 ‚
1724 645 1948 684 centenarios,

1139 677 1208 732 &fc-
1225 682 1267 714 Θ
1284 683 1317 717 in
1332 684 1412 729 hisce
1428 685 1567 733 classibus
1577 686 1692 733 singuli
1709 693 1837 725 numeri
1846 691 1952 739 singu-

1137 725 1176 760 [ιε
1202 730 1436 770 characteribus
1464 737 1691 779 discernuntur.
1743 739 1868 785 Satisfit
1891 744 1952 790 igi.

1136 784 1190 812 tur
1204 780 1278 816 huic
1305 785 1418 830 regula
1430 787 1576 831 generali
1589 800 1597 823 :

1138 870 1169 894 1·
1206 859 1350 902 Qaestio
1381 861 1545 909 proposita
1572 863 1604 897 iu
1631 872 1680 899 tot
1717 875 1822 913 partes
1849 867 1949 905 resola

1184 910 1288 942 venda
1304 933 1315 948 ,
1354 921 1436 957 quot
1457 925 1506 949 res
1533 911 1661 950 diversae
1686 926 1807 951 naturae
1834 917 1868 953 in
1895 931 1948 954 ea.-

1184 958 1257 992 dem
1278 959 1502 998 involvuntur.

1132 1039 1266 1073 Acidulo
1283 1039 1509 1083 &subtraflio
1530 1043 1564 1077 in
1582 1040 1717 1088 singulis
1743 1049 1945 1079 numerorum

1130 1087 1268 1134 claffibus
1288 1088 1455 1134 sigillatim
1479 1094 1670 1138 peragitur:
1693 1104 1747 1127 nec
1781 1094 1885 1128 minus
1910 1094 1945 1129 in

1129 1140 1391 1185 multiplicatione
1424 1154 1461 1176 ac
1493 1141 1645 1186 divisione
1664 1140 1755 1185 [αέὶα
1783 1143 1825 1178 &¹
1852 1143 1946 1189 quoti

1127 1190 1340 1236 particularia
1368 1200 1554 1238 quaeruntur
1576 1215 1587 1230 ‚
1626 1201 1663 1226 ut
1687 1194 1759 1228 inde
1780 1201 1943 1240 compona-

1128 1247 1184 1274 tur
1203 1252 1351 1275 numerus
1378 1241 1531 1288 quaesitus.
1560 1241 1721 1285 Diftimus
1743 1244 1819 1278 adeo

1131 1302 1163 1322 2.
1186 1288 1316 1338 Singula
1329 1303 1402 1337 quae
1418 1292 1448 1325 in
1470 1291 1645 1338 quaestione
1657 1291 1821 1339 proposita
1833 1291 1943 1329 invol-

1179 1350 1316 1378 vuntur,
1344 1338 1405 1375 elle
1433 1341 1593 1389 sigillatim
1621 1343 1857 1389 expendenda,
1881 1347 1939 1380 &‚

1177 1403 1249 1437 quae
1274 1392 1349 1426 inde
1372 1392 1510 1427 deduCta
1533 1390 1604 1426 sunt
1632 1415 1641 1430 ‚
1668 1392 1751 1427 iuter
1773 1391 1802 1428 se
1824 1392 1938 1429 confe-

1175 1441 1285 1478 tenda.

1123 1520 1165 1554 In
1191 1519 1427 1566 operationibus
1451 1523 1682 1559 arithmeticis,
1697 1522 1750 1556 vel
1773 1524 1814 1557 ad
1836 1524 1938 1558 notio-

1123 1581 1177 1604 nes
1197 1581 1397 1606 numerorum
1426 1571 1628 1618 respicimus,
1657 1572 1710 1607 vel
1733 1584 1843 1608 eorum
1862 1582 1936 1620 pro-

1118 1621 1288 1666 prietates,
1304 1633 1331 1657 e.
1347 1631 1400 1666 gr.
1423 1633 1461 1656 ex
1472 1621 1568 1656 abaco
1578 1623 1810 1668 Pythagorico,
1826 1625 1860 1658 in
1872 1635 1935 1660 me.

1121 1672 1257 1705 moriam
1271 1671 1362 1706 nobis
1374 1683 1569 1707 revocamus.
1622 1673 1711 1708 Unde
1721 1681 1831 1719 patet:

1125 1730 1156 1762 3.
1183 1721 1274 1755 Dum
1289 1720 1411 1767 singula
1428 1721 1460 1755 in
1475 1720 1504 1756 se
1516 1720 1758 1757 confide-rantur
1770 1747 1781 1764 ‚
1805 1721 1855 1758 vel
1870 1737 1932 1758 no-

1171 1770 1276 1805 tiones
1301 1771 1479 1805 eorundem
1522 1771 1718 1806 evolvendas
1737 1795 1748 1813 ,
1784 1773 1835 1808 vel
1858 1786 1933 1821 pro.

1170 1820 1320 1868 prietates
1352 1824 1386 1855 &
1411 1820 1584 1856 relationes
1612 1822 1650 1855 ad
1670 1819 1744 1856 alias
1765 1822 1830 1857 alio
1852 1833 1932 1858 tern-

1170 1882 1250 1918 pore
1274 1871 1422 1919 cognitas
1443 1871 1476 1906 in
1504 1871 1699 1906 memoriam
1730 1875 1931 1912 revocandas

1169 1917 1241 1955 effe.

1117 1995 1152 2030 Si
1172 1996 1292 2040 divisor
1311 2007 1352 2031 ex
1376 1995 1521 2044 pluribus
1546 1998 1631 2032 notis
1650 1996 1783 2037 constet,
1812 2000 1856 2033 ad
1873 1998 1931 2043 fa.

1117 2045 1302 2081 cilitandum
1324 2045 1466 2081 laborem
1486 2044 1650 2090 affiimitur
1665 2069 1675 2086 ,
1698 2049 1858 2094 integrum
1880 2051 1927 2084 cli-

1115 2095 1248 2139 vifhrem
1264 2098 1296 2130 in
1309 2096 1451 2131 omnibus
1467 2098 1633 2132 dividendi
1646 2099 1730 2132 notis
1738 2098 1929 2146 suprascrip-

1114 2148 1157 2180 tis
1183 2148 1280 2181 toties
1300 2147 1484 2186 contineri,
1514 2148 1638 2194 quoties
1668 2155 1743 2183 nota
1778 2148 1930 2190 divisoris

1110 2197 1216 2241 prima
1231 2198 1263 2231 in
1281 2205 1355 2230 nota
1372 2198 1537 2232 dividendi
1557 2198 1747 2232 continetur.
1784 2199 1846 2233 Sed
1858 2211 1929 2235 cum

1113 2245 1290 2293 hypothesis
1312 2244 1428 2290 fallere
1448 2256 1543 2293 queat
1567 2271 1576 2284 ,
1606 2256 1716 2282 utrum
1742 2257 1856 2295 quotus
1876 2250 1929 2284 in-

1114 2305 1231 2333 ventus
1257 2295 1297 2335 (it
1310 2308 1406 2331 verus
1435 2309 1564 2336 necne,
1591 2297 1762 2343 probatur.
1814 2302 1853 2332 In
1878 2299 1927 2334 his

1113 2342 1191 2382 vero
1215 2348 1396 2382 continetur
1421 2347 1530 2392 regula
1546 2347 1706 2393 generalis
1724 2346 1898 2393 hujusmodi
1914 2361 1924 2383 ε

1113 2429 1148 2459 4.
1165 2419 1198 2453 Si
1226 2418 1376 2452 datorum
1398 2430 1554 2452 uumerus
1571 2420 1610 2452 de
1630 2432 1665 2453 re
1690 2420 1801 2453 eadem
1817 2419 1853 2454 fit
1874 2419 1926 2455 ἰη-ι

1163 2481 1263 2517 gens,
1287 2480 1315 2502 e.
1325 2481 1373 2515 gr.
1385 2465 1447 2501 fiin
1463 2468 1672 2503 Astronomia
1693 2467 1793 2505 multa
1807 2471 1924 2504 admo-s

1162 2519 1240 2556 dum
1261 2517 1597 2567 phaenomenarnotus
1618 2517 1757 2556 fider-um
1780 2520 1923 2557 dentur,

1817 2568 1925 2623 qualis
