2101 2869
338 161 666 208 BREVIS

93 266 255 309 rationes
280 271 516 318 exponuntur
528 289 540 308 ,
559 259 612 300 ob
630 272 724 314 quas
742 258 904 299 intellec-

94 339 152 367 tus
171 324 262 365 illud
281 321 344 377 ipfi
364 319 564 360 con‘venire
574 318 774 372 concipere
791 318 902 358 valet.

155 389 188 430 §.
208 395 275 430 40.
296 377 480 421 Absolute
497 376 665 432 possibile
682 390 758 417 non
775 378 826 417 est
841 376 903 416 nis1

97 457 160 484 ens
177 442 197 481 εὶ
216 439 251 480 se
262 456 270 479 :
281 438 421 492 reliqua
434 451 527 477 vero
544 436 670 476 omnia
681 448 826 476 tantum
841 436 906 476 ad-

96 497 196 541 misso
221 498 296 538 alio
320 495 499 551 possibilia
517 493 588 535 esse
611 495 867 548 intelliguntur
892 523 904 542 ,

94 560 166 600 hoc
181 557 232 598 est
243 585 254 604 ‚
273 556 324 596 nil
337 569 471 596 corum
488 555 539 594 est
552 553 626 594 sine
635 553 801 608 quadam
818 567 906 593 con-

94 617 246 658 ditione.
278 618 367 655 Haec
383 614 494 668 igitur
512 614 548 653 in
569 611 825 667 propofitione
835 626 907 652 una

95 674 347 730 exprimenda.
371 676 415 714 E.
440 687 495 728 gr.
519 672 765 726 Triangulum
783 672 835 711 est
850 671 908 711 di-

94 735 248 775 midium
268 731 629 787 parallelogrammi,
650 730 676 769 fi
693 729 795 770 bases
811 733 849 770 &
860 730 909 769 al-

94 793 269 834 titudines
294 792 428 832 fuerint
450 790 632 845 sigillatim
657 789 829 843 aequales.
867 790 910 828 In

93 851 347 907 propositione
375 851 501 903 itaque
514 861 592 889 tam
611 847 752 888 bafimn
768 877 779 895 ,
795 861 910 902 quam

94 909 332 952 altitudinum
342 909 529 963 aequalitas
539 907 793 962 exprimenda.
811 908 909 947 Hinc

95 969 273 1024 quaelibet
311 967 514 1022 propositi0
546 967 582 1007 in
618 965 838 1022 Plypothefin
873 969 911 1006 &

97 1028 226 1084 Thefin
246 1025 449 1068 commode
462 1026 697 1080 distinguitur
720 1042 728 1064 :
750 1039 910 1080 quarum

96 1088 161 1127 ista
185 1086 417 1127 conditiones
449 1083 615 1126 recenset
632 1114 643 1131 ,
674 1082 741 1124 sub
772 1084 910 1138 quibus

95 1146 236 1200 aliquid
266 1143 467 1185 affirmatur
486 1173 495 1187 ,
541 1144 603 1184 vel
631 1156 810 1198 negatum
832 1143 909 1183 haec

95 1219 187 1245 vero
198 1204 456 1259 complectitur
469 1233 481 1251 2
501 1203 608 1258 quod
620 1203 677 1243 vel
691 1201 907 1250 affirmatur,

95 1264 156 1304 vel
170 1277 337 1318 negatur.
367 1265 410 1303 E.
424 1277 479 1318 gr.
499 1263 535 1302 in
553 1261 806 1317 propositione
823 1261 911 1302 alla-

96 1334 135 1363 ta
154 1321 366 1376 hypothesis
385 1323 436 1362 est
447 1351 459 1369 ,
470 1324 508 1378 fi
524 1324 751 1376 triangulum
784 1321 829 1368 ὠ
845 1335 911 1377 pa-

97 1385 422 1436 rallelogrammum
440 1406 445 1410 ·
456 1381 564 1436 super
601 1383 728 1436 aequali
763 1382 838 1436 bast
867 1380 911 1426 (ῤ’

96 1443 249 1495 ejusdem
266 1443 479 1481 altitudinis
502 1442 661 1492 exstant
681 1458 691 1483 ,-
711 1439 818 1480 thesis
850 1453 912 1479 au-

95 1511 172 1540 tem
190 1529 200 1542 ‚
234 1502 332 1540 illud
340 1500 448 1554 hujus
461 1501 654 1539 dimidium
681 1501 741 1551 est.

157 1562 190 1603 §.
212 1570 280 1604 41.
300 1556 526 1599 Notandum
543 1572 636 1598 vero
651 1587 661 1600 ,
682 1557 707 1598 si
721 1554 842 1612 inipsa
862 1558 912 1597 rei

97 1616 312 1658 definitione
334 1617 568 1657 conditiones
582 1646 595 1664 ,
629 1616 679 1657 de
701 1616 838 1671 quibus
859 1617 914 1657 di-

98 1677 157 1718 xi,
202 1676 437 1716 continentur
455 1697 468 1723 ·,
501 1675 722 1730 hypothesin
745 1674 913 1716 distincte

99 1749 174 1774 non
187 1735 355 1789 exprimi.
387 1736 430 1775 E.
449 1748 508 1789 gr.
525 1736 564 1776 Si
581 1747 654 1775 tres
671 1735 708 1775 in
724 1734 913 1789 triangulo

99 1793 225 1847 anguli
251 1801 344 1837 180.
378 1794 563 1848 graduum
580 1794 774 1838 dicantur3
793 1794 914 1849 hypo-

99 1851 187 1891 thesi
206 1865 333 1892 carere
353 1852 499 1893 videtur
511 1852 715 1909 propositio
735 1869 744 1893 2
765 1867 849 1908 quae
861 1865 915 1893 ta—

100 1924 184 1950 men
201 1911 320 1951 statim
331 1924 524 1966 comparet
534 1941 545 1959 ,
563 1911 589 1952 fi
607 1926 678 1967 pro
694 1927 792 1953 voce
805 1913 916 1952 trian-

98 1969 176 2025 guli
200 1969 456 2011 definitionem
480 1971 558 2023 ejus
588 1970 794 2012 substituas.
858 1973 914 2011 Ita

97 2029 199 2069 ‘enim
212 2029 328 2070 habet
342 2029 567 2085 propositio:
589 2029 615 2070 si
632 2031 806 2085 quaedam
825 2030 916 2085 figu-

101 2100 143 2127 ra
158 2087 276 2128 tribus
294 2087 398 2129 lineis
417 2090 521 2129 restis
539 2090 758 2130 terminatur
790 2119 802 2136 ‚
841 2102 915 2130 tres

101 2146 216 2187 habet
245 2148 403 2202 angulos
420 2149 574 2201 junffim
606 2147 747 2190 sumtos
765 2148 915 2189 duobus

101 2205 208 2246 rectis
227 2208 397 2260 aequales.
428 2210 485 2248 En
499 2207 743 2262 hypothesin>
758 2221 841 2263 quae
859 2221 918 2248 ur-

99 2276 164 2319 get
174 2294 185 2311 ,
204 2277 245 2305 ut
258 2277 330 2307 tres
342 2267 444 2308 lineae
457 2269 562 2308 redtae
578 2267 733 2324 spatium
750 2281 920 2322 compre-

102 2323 280 2365 hendant.

161 2386 197 2427 §-
214 2394 282 2430 42.
319 2387 442 2426 Datur
458 2398 582 2426 autem
604 2387 641 2427 in
663 2385 916 2440 propositione

103 2438 316 2483 affirmativa
347 2443 563 2485 necessarius
583 2459 701 2487 nexus
728 2445 820 2485 inter
849 2445 916 2499 hy-

101 2500 269 2555 pothesm
292 2515 406 2557 atque
439 2503 579 2547 thesm;
600 2506 638 2545 in
655 2504 834 2560 negativa
851 2517 914 2546 au-

158 2558 298 2618 Wffi
328 2563 468 2606 Matb.
489 2565 602 2607 Tom.
633 2565 665 2605 L

757 160 1465 204 COMMENTATIO.
1769 165 1797 208 9

977 271 1054 301 tem
1072 260 1194 300 nullus
1212 257 1357 310 concipi
1376 256 1499 310 potest
1514 284 1525 297 ‚
1554 252 1615 295 sed
1643 254 1719 293 haec
1745 254 1797 295 illi

980 330 1176 375 repugnat.
1210 315 1401 370 Qoniam
1422 312 1559 355 scilicet
1577 315 1614 354 in
1633 311 1799 363 subjcao

979 376 1273 432 deprehenditur
1286 404 1296 422 2
1318 373 1425 428 quod
1445 371 1661 428 hypothesis
1680 371 1800 411 invol-

981 438 1056 479 vit3
1078 437 1111 477 ci
1130 447 1285 492 quoque
1302 433 1505 473 convenire
1521 432 1637 473 debet
1655 460 1665 473 ‚
1691 431 1798 484 quod

982 497 1017 536 in
1046 495 1136 535 thesi
1155 494 1379 534 continetur.
1400 495 1442 533 E.
1463 505 1520 546 gr.
1545 492 1582 531 in
1600 492 1673 530 hoc
1692 490 1802 529 theo-

983 566 1142 601 remate,
1162 551 1269 607 quod
1297 554 1523 606 triangulum
1532 553 1584 605 fit
1605 550 1799 591 dimidium

974 616 1311 669 parallelogrammi
1317 610 1425 665 Jitper
1435 612 1555 650 eadem
1571 610 1646 665 bafi
1657 608 1801 661 &ejus-

983 675 1061 713 dem
1081 673 1296 713 altitudinis
1310 699 1320 716 ,
1343 670 1503 724 primum
1531 666 1721 722 triangulo
1740 666 1803 706 tri-

985 732 1133 772 buimus
1153 729 1253 770 basin
1280 731 1318 768 δε
1338 728 1571 769 altitudinem
1600 725 1676 767 basi
1693 739 1738 766 ac
1751 724 1804 765 al-

983 790 1133 831 titudini
1150 787 1491 843 parallelogrammi
1510 786 1693 841 aequale53
1714 784 1803 825 dein

983 847 1170 890 afferimus
1180 877 1191 895 ‚
1215 847 1320 902 quod
1338 845 1380 885 sit
1394 844 1734 901 parallelogrammi
1747 842 1803 883 di-

985 908 1153 949 midium.
1195 906 1379 947 Posterius
1414 906 1623 960 concipitur
1647 913 1804 960 propter

984 981 1099 1023 prius.

1043 1030 1076 1072 ἕ.
1093 1037 1162 1076 43.
1192 1027 1347 1066 Nexum
1366 1024 1460 1064 inter
1491 1022 1606 1064 thesin
1621 1025 1659 1063 δε
1682 1023 1804 1078 hypo·

981 1085 1098 1126 thesin
1128 1086 1165 1125 in
1183 1082 1503 1139 propositionibus
1535 1079 1762 1122 affirmativis
1788 1099 1801 1127 ς

982 1144 1267 1199 repugnantiam
1284 1143 1321 1183 in
1339 1142 1520 1197 negativis
1536 1143 1802 1194 Demonstratio

982 1204 1202 1244 manifestat.
1238 1205 1379 1244 Eorum
1397 1202 1510 1256 igitur
1528 1199 1766 1251 definitiones
1788 1229 1801 1248 ‚

982 1277 1066 1318 quae
1083 1264 1120 1302 in
1137 1260 1332 1317 hypothesi
1350 1274 1395 1300 ac
1411 1259 1500 1300 thesi
1517 1259 1758 1300 contInentur
1788 1289 1803 1307 ,

982 1321 1267 1375 eorundemque
1293 1321 1538 1375 proprietates
1556 1333 1604 1359 ex
1617 1319 1691 1359 istis
1707 1318 1803 1360 deri-2

982 1394 1077 1421 vatae
1095 1392 1158 1421 aut
1174 1379 1325 1420 aliunde
1339 1379 1498 1433 cognita·
1515 1378 1802 1418 demonstratio-

983 1455 1073 1481 num
1094 1439 1273 1495 principia
1294 1439 1466 1479 existunt.
1496 1437 1690 1491 Quoniam
1709 1451 1803 1478 vero

984 1501 1020 1539 in
1041 1497 1199 1540 Mathesi
1217 1498 1396 1553 principia
1423 1511 1500 1537 non
1518 1496 1770 1537 admittuntur
1789 1525 1801 1538 2

983 1557 1047 1599 nisi
1058 1573 1140 1614 quae
1158 1570 1245 1598 ante
1253 1556 1404 1598 fuerunt
1413 1557 1531 1597 evicta
1543 1571 1553 1597 ;
1565 1554 1805 1596 definitiones

984 1632 1027 1658 ac
1041 1616 1315 1673 propositiones
1330 1646 1340 1659 ‚
1363 1616 1500 1671 quibus
1516 1614 1804 1655 demonstratio-

984 1692 1048 1718 nes
1066 1675 1365 1732 superstruuntur
1384 1704 1396 1723 ,
1417 1675 1522 1715 citari
1546 1671 1689 1721 solent,
1723 1687 1804 1728 par-

983 1738 1051 1777 tim
1064 1749 1104 1777 ut
1123 1747 1323 1791 appareat,
1355 1735 1516 1790 genuina
1533 1732 1713 1788 principia
1737 1732 1805 1772 ad-

984 1796 1105 1837 hiberi
1125 1812 1135 1840 3
1156 1795 1292 1851 partim
1311 1807 1352 1834 ut
1370 1794 1505 1849 ignaris
1518 1793 1662 1834 constet
1669 1821 1682 1840 ,
1702 1792 1817 1852 unde·

984 1853 1154 1911 ipsorum
1170 1853 1359 1895 certitudo
1376 1851 1592 1893 haurienda,

1043 1918 1078 1960 §.
1096 1926 1163 1961 44.
1183 1913 1385 1953 Enimvero
1412 1912 1605 1952 citationes
1622 1909 1806 1955 definitio-3

985 1988 1075 2014 num
1088 2003 1100 2021 ,
1117 1974 1371 2019 axiomatum,
1391 1970 1687 2026 postulatorum,
1701 1969 1804 2011 theo-

987 2044 1170 2073 rematum
1184 2035 1223 2073 &
1238 2030 1518 2087 problematum
1537 2043 1614 2070 non
1624 2029 1803 2084 exiguum

986 2092 1125 2133 habent
1154 2089 1279 2138 usum,
1297 2104 1366 2131 nec
1398 2089 1471 2129 sine
1487 2090 1633 2129 ratione
1652 2089 1690 2128 in
1724 2090 1805 2128 Με-

987 2151 1077 2191 thesi
1102 2150 1249 2205 fingulis
1293 2149 1567 2204 cogitationum
1604 2147 1804 2203 generibus

987 2209 1127 2265 singula
1148 2210 1300 2250 nomina
1319 2209 1575 2263 imponuntur.
1620 2203 1805 2248 Demons-

986 2271 1100 2309 tratio
1130 2283 1295 2323 namque
1326 2283 1402 2308 non
1420 2268 1609 2307 convincit
1629 2265 1691 2306 nisi
1707 2266 1806 2320 prin-⁵

988 2329 1089 2382 cipiis
1122 2327 1400 2368 demonstrandi
1426 2338 1533 2366 extra
1559 2325 1805 2366 dubitationis

986 2387 1106 2428 aleam
1137 2386 1274 2442 positis,
1339 2385 1604 2443 Qamobrem
1638 2399 1684 2425 ex
1717 2385 1805 2425 cita-=

983 2447 1151 2488 tionibus
1178 2446 1297 2502 liquet
1320 2476 1330 2493 ,
1365 2459 1534 2500 quaenam
1547 2458 1726 2498 tanquam
1743 2455 1804 2481 ve-

985 2520 1025 2549 ra
1051 2504 1293 2562 supponenda
1315 2505 1384 2549 sint
1395 2534 1409 2554 ,
1444 2517 1649 2559 antequam
1669 2501 1801 2566 verita-

1487 2566 1520 2606 B
1758 2572 1813 2601 tis-
1855 2584 1859 2589 ·
