2101 2869
346 144 529 202 Cap.IV.
589 145 674 186 DE
737 138 1142 186 NUMERIS
1203 144 1588 186 FRACTIS·
1771 155 1825 199 63

105 244 196 287 dum
217 241 234 298 (
252 248 287 291 §-
324 253 408 296 239
440 239 483 293 ):
505 240 612 295 quod
637 240 764 296 prodit
794 240 837 289 {7}
866 237 930 282 seu

112 307 230 358 1}(§.
252 312 330 354 223
347 306 366 352 )
397 301 448 341 cst
478 312 619 354 quotus
639 298 822 355 quaefitus.

239 364 792 403 DEMONSTRATIO.

164 421 357 479 Qoniam
384 415 523 459 divisor
548 417 597 458 ad
619 417 867 458 dividendum
887 428 929 457 ut

105 482 223 522 unitas
245 479 293 520 ad
327 489 489 533 quotum
508 478 524 532 (
542 483 577 525 §.
599 483 651 526 69
665 476 704 529 >3
725 478 794 517 erit
815 477 928 517 etiam

106 538 328 581 dividendus
346 537 396 578 ad
414 534 615 577 divisorem
632 549 674 576 ut
710 548 848 591 quotus
878 535 927 576 ad

106 598 310 646 unitatem(
330 600 363 642 §.
399 603 476 645 169
499 598 529 645 ).
562 594 707 651 Qodfi
730 595 927 636 fractiones

105 657 154 699 ad
176 657 336 698 eandem
368 655 716 697 denominationem
749 655 921 695 reducan-

104 716 190 769 tur(
202 723 236 765 §.
249 726 328 769 235
347 716 383 767 )‚
416 729 501 756 cum
527 714 667 755 eaedem
685 713 752 754 fint
768 713 928 768 aequales

105 777 232 832 quotis
253 790 300 819 ex
335 773 516 816 divitione
545 786 830 814 numeratorum
863 786 929 828 per

104 835 432 878 denominatorem
449 834 719 886 communem(
735 836 768 879 §.
793 843 814 877 2
823 846 842 884 3
854 832 903 883 8)
918 847 927 875 3

105 896 176 937 erit
194 897 428 936 Numerator
448 892 632 934 fractionis
651 892 861 933 dividendae
879 890 929 932 ad

105 956 401 996 Numeratorem
426 952 627 994 dividentis
657 964 697 992 ut
718 951 849 992 fraCtio
876 949 930 991 di-

106 1013 272 1055 videnda
333 1013 382 1052 ad
429 1012 644 1052 fractionem
698 1011 929 1052 dividentem

108 1072 179 1126 (§.
205 1080 278 1117 181
303 1074 344 1120 ),
368 1068 637 1125 consequenter
665 1071 704 1111 in
740 1070 814 1111 hoc
846 1067 930 1111 casu

106 1143 326 1173 numerator
339 1129 549 1171 dividendae
566 1131 614 1170 ad
634 1132 929 1171 Numeratorem

107 1191 309 1232 dividentis
367 1202 406 1229 ut
457 1202 594 1244 quotus
650 1190 698 1231 ad
747 1190 928 1230 unitatem

110 1251 126 1303 (
145 1256 180 1298 §.
223 1257 302 1301 167
312 1249 340 1300 ).
376 1251 505 1298 Quare
522 1247 719 1289 fractiones
753 1248 849 1289 datae
877 1248 926 1289 ad

107 1322 346 1350 communem
362 1307 687 1348 denominatorem
706 1307 928 1348 reducendae

107 1367 189 1409 sunt
207 1371 476 1409 &numerator
493 1367 706 1408 dividendae
723 1381 790 1422 per
800 1381 929 1408 nume-

107 1439 270 1468 ratorem
289 1425 487 1466 dividentis
506 1425 625 1466 dividi
643 1426 778 1473 debet,
798 1438 839 1466 ut
858 1426 927 1467 ha-

107 1487 240 1528 beatur
276 1497 416 1540 quotus
447 1499 494 1524 ex
524 1485 703 1526 divifione
738 1485 927 1526 fractionis

107 1545 322 1587 dividendae
359 1558 426 1599 per
460 1544 694 1586 dividentem
735 1559 927 1600 emergens

105 1608 123 1656 (
135 1610 169 1652 §.
191 1616 269 1657 177
278 1607 309 1653 ).
320 1604 526 1645 Enimvero
536 1604 627 1644 dum
637 1604 833 1645 fraffiones
845 1604 927 1645 duae

105 1664 155 1705 ad
183 1663 344 1705 eandem
379 1662 726 1704 denominationem
747 1664 929 1704 reducun-

104 1735 187 1771 tur,
213 1734 429 1763 numerator
445 1723 572 1776 primae
588 1721 767 1763 enascitur
797 1737 843 1763 ex
862 1737 928 1763 nu-

106 1794 292 1822 meratore
311 1780 418 1836 ipsius
436 1782 528 1822 dato
543 1783 580 1822 in
597 1782 926 1823 denominatorem

108 1838 273 1883 sccundae
288 1870 298 1884 ‚
326 1854 544 1884 numerator
565 1855 658 1884 vero
676 1839 847 1885 secundae
878 1856 925 1883 ex

1013 239 1120 297 ipsius
1137 253 1379 282 numeratore
1399 241 1492 282 dato
1514 241 1552 281 in
1578 239 1834 285 denominato-

1014 314 1093 341 rem
1113 301 1241 355 primae
1257 299 1374 341 ducto
1391 302 1452 354 (§.
1467 298 1588 351 235).
1610 299 1835 344 Obtinemus

1013 359 1111 400 adeo
1140 373 1316 400 numeros
1343 389 1355 407 ,
1392 374 1440 400 ex
1465 371 1630 413 quorum
1657 357 1838 401 divifione

1014 431 1153 474 quotus
1170 418 1341 474 quaesitus
1359 418 1517 473 emergit
1529 446 1541 465 ,
1567 415 1594 456 fi
1632 415 1769 458 divisor
1786 418 1840 459 in-

1014 476 1139 518 versus
1162 481 1316 533 (Juxta)
1331 484 1366 526 §.
1380 487 1461 528 239
1482 477 1521 517 in
1545 475 1766 518 frafflonem
1784 476 1855 519 dir

1014 537 1217 579 videndam
1242 538 1413 578 ducatur.
1448 536 1504 591 ,Q
1528 552 1558 577 e.
1590 538 1628 576 d.

1238 600 1617 639 SCHOLION.

1069 668 1152 698 244.
1182 661 1300 704 Neque
1312 669 1391 693 vero
1415 657 1534 691 mirum
1554 652 1596 694 est
1611 677 1623 692 ‚
1651 654 1735 700 quod
1750 656 1841 700 quoti

1016 710 1142 744 numeri
1156 709 1276 754 integri
1293 706 1352 752 effe
1373 706 1494 754 poffint.
1533 702 1605 742 Una
1621 706 1705 741 enim
1720 704 1842 750 fraflio

1016 762 1155 794 alteram
1180 767 1251 796 ter,
1269 767 1384 805 quater
1404 781 1415 795 ‚
1439 757 1557 792 millies
1575 757 1646 791 &a
1677 756 1840 790 continere

1011 807 1124 856 potest.
1153 814 1305 856 Apparet
1320 809 1397 843 adeo
1412 830 1421 846 ,
1438 819 1508 843 cum
1524 803 1700 850 frasliones
1705 804 1773 851 sint
1788 816 1843 841 ra.

1015 862 1114 895 tiones
1132 859 1192 901 (Β.
1206 870 1271 899 141
1285 856 1318 904 )‚
1335 871 1388 894 eas
1410 859 1557 893 dividere
1573 856 1727 902 idemesse
1740 867 1777 892 ac
1789 867 1843 892 ναι

1015 911 1137 945 tionum
1160 911 1303 945 rationes
1324 907 1531 955 investigare.

1074 963 1518 1001 PRoBLEMA
1589 957 1782 998 XXVI.

1077 1039 1174 1081 245.
1230 1031 1416 1086 [ntegrum
1469 1040 1488 1080 3
1517 1041 1585 1086 per
1612 1028 1841 1082 fradionem

1014 1092 1227 1140 ssdlvidere.

1182 1151 1216 1191 R
1249 1161 1270 1189 E
1304 1162 1320 1189 s
1354 1160 1438 1191 οι
1473 1161 1499 1188 U
1536 1161 1562 1189 T
1595 1160 1610 1189 1
1634 1160 1672 1188 o.

1022 1240 1055 1272 1.
1067 1223 1220 1270 Divisor
1238 1227 1448 1267 invertatur
1458 1255 1470 1274 ,
1491 1237 1530 1266 ut
1541 1225 1585 1266 in
1602 1223 1851 1280 problemate·

1073 1286 1335 1343 praecedente(
1352 1289 1387 1333 §.
1409 1295 1488 1336 243
1509 1285 1539 1340 >.
1568 1287 1611 1327 Ε.
1635 1298 1692 1341 gr.
1714 1285 1804 1327 loco
1820 1289 1844 1336 ξ

1075 1345 1194 1387 scribe
1215 1348 1249 1398 Ξ.

1019 1416 1056 1451 2.
1072 1408 1266 1447 Numerus
1288 1405 1435 1461 integer
1454 1403 1563 1445 datus
1587 1415 1608 1455 3
1628 1403 1791 1446 ducatur
1805 1404 1843 1445 in

1073 1468 1372 1507 Numeratorem
1418 1475 1446 1516 7
1485 1461 1653 1504 divisoris
1697 1462 1842 1505 inverfi0

1019 1538 1055 1577 3.
1070 1527 1184 1567 Facto
1215 1522 1466 1565 subscribatur
1487 1524 1657 1575 ejusdem
1673 1522 1845 1563 denomi=

1074 1597 1185 1625 nator
1201 1595 1229 1630 4
1249 1602 1258 1625 :
1278 1583 1385 1638 quod
1402 1583 1530 1638 prodit
1557 1586 1596 1636 ξι
1622 1582 1713 1624 five*
1729 1586 1773 1635 ςὲ
1791 1582 1863 1626 est·

1074 1655 1215 1700 quotus
1233 1642 1436 1699 quaesitus„

1064 1706 1796 1746 DEMONSTR.AT10.

1075 1780 1219 1823 Eadem
1243 1781 1295 1823 est
1313 1794 1398 1821 cum
1414 1780 1732 1823 demonstratione
1746 1792 1844 1839 rpr0=

1018 1841 1189 1883 blematis
1207 1840 1448 1897 praecedentis
1480 1839 1497 1894 (
1516 1843 1559 1887 §02
1568 1849 1648 1891 243
1662 1839 1695 1892 λ
1708 1871 1715 1874 ,,

1666 2528 1851 2576 CAPUT
1861 2530 1863 2537 ’
