2101 2869
943 160 1124 211 [177]

2 297 5 380 !
150 250 1890 389 {QQQQQQQQWQQQQQQQQQ’QQZ‘?

2 381 6 462 1
178 340 1890 404 φφῳῳῳῳῳῳψῳηενψεΨῳῳῳῳῳθῳιψῳᾳ

154 475 907 555 ELEMENTA
1032 464 1886 541 GEOMETRIAE-

565 613 800 666 PARS
880 602 1481 661 POSTERIOR

158 739 615 787 ELEMENTA
659 727 1160 779 GEOMETRJAE
1190 723 1496 770 SOLIDAE
1536 720 1891 774 PROPONJT,

544 852 906 904 CAPUT
1016 840 1487 895 PRIMUM.

594 979 676 1031 De
715 975 970 1048 Principiis
1015 967 1282 1023 Geometriae
1297 963 1472 1037 solidat.

336 1110 706 1150 DEFiNITIO
768 1106 799 1146 Ι.

354 1187 504 1226 olidum
518 1183 591 1224 five
621 1195 745 1238 corpus
782 1182 834 1221 est
879 1191 983 1233 mag-

372 1244 506 1285 nitudo
541 1243 659 1284 tribus
685 1239 981 1283 dimensionibus

157 1308 313 1365 ptaedita
340 1336 352 1354 ,
396 1302 456 1345 seu
492 1300 684 1344 extensum
711 1302 748 1341 in
777 1296 981 1354 longitudi-

158 1383 245 1409 nem
259 1398 268 1410 ,
289 1365 521 1406 latitudinem
539 1374 653 1417 atque
668 1359 977 1416 profunditatem.

249 1450 756 1489 DEFINITIO
817 1437 884 1478 11.

157 1202 255 1238 444·

16 1465 115 1559 NTlalli.
219 1517 318 1558 445.
340 1503 510 1559 Angulus
532 1498 668 1541 solidus
694 1500 725 1537 Β
750 1496 802 1537 est
819 1495 980 1550 plurium

29 1569 101 1615 Rg·
161 1580 275 1622 quam
307 1565 467 1617 duarum
499 1561 677 1601 linearum
705 1557 795 1598 BA,
816 1555 906 1601 Bc,
925 1556 981 1593 BF

21 1629 103 1660 141·
160 1627 197 1667 in
216 1625 353 1666 eodem
372 1623 514 1678 Ρυῃὸὶο
530 1623 559 1660 Β
573 1616 873 1659 concurrentium
886 1643 896 1661 ‚
913 1626 982 1652 nec

160 1686 198 1726 in
223 1685 360 1725 eodem
381 1682 494 1737 plano
515 1679 798 1720 constitutarum
826 1673 875 1715 ad
902 1687 982 1713 om-

159 1758 225 1785 nes
245 1742 448 1784 inclinatio.

274 1820 749 1860 CoRoLLARIUM
820 1812 849 1850 Ι.

209 1884 292 1920 446.
327 1880 414 1925 Ergo
448 1874 583 1924 angulus
619 1871 737 1909 solidus
771 1874 798 1906 B
833 1865 980 1917 pluribus

156 1942 255 1978 quam
282 1928 412 1963 duobus
444 1926 547 1974 planis
571 1927 606 1960 in
635 1924 752 1958 eodem
783 1918 882 1968 plano
909 1929 976 1951 non

157 1980 340 2015 constitutis
366 1979 468 2016 ABF,
497 1977 578 2011 FBC
597 1999 608 2013 ,
636 1976 723 2008 CBA
736 1971 934 2007 continetur.

260 2058 765 2098 COROLLARIUM
808 2049 863 2088 ΙΙ.

210 2142 296 2174 447.
325 2129 497 2176 Qoniam
516 2129 598 2163 adeo
619 2136 681 2161 tres
698 2125 872 2160 minimum
888 2123 979 2158 lineae

159 2184 201 2219 ad
223 2181 379 2230 angulum
407 2178 544 2214 solidum
575 2177 837 2212 constituendum
872 2175 979 2220 requi-

160 2242 276 2269 runtut
316 2233 375 2273 (5.
391 2232 488 2273 445)
518 2246 530 2271 ,·
571 2238 634 2263 tres
666 2227 839 2262 minimum
868 2222 979 2272 anguli

159 2283 248 2333 plani
279 2283 317 2317 ad
345 2279 483 2316 &lidum
509 2279 773 2314 constituendum
802 2273 979 2312 neceffirii.

310 2377 718 2417 SCHOLION
783 2374 813 2413 I.

211 2454 300 2493 448.
331 2453 421 2489 Unde
447 2452 546 2486 etiam
573 2448 711 2498 angulus
738 2447 854 2483 solidus
878 2446 985 2492 defini-

161 2509 243 2539 tur,
272 2505 355 2550 quod
379 2501 423 2546 fit
444 2503 499 2541 is,
531 2503 585 2548 qui
611 2499 760 2547 pluribus
790 2511 887 2546 quam
912 2500 986 2535 duo.

220 2581 345 2635 Wolfii
364 2579 472 2635 Oper.
486 2578 682 2621 Mathem.
701 2576 855 2620 Tom.I.

1069 1097 1127 1134 bus
1151 1096 1255 1144 planis
1278 1092 1399 1141 angulis
1428 1093 1462 1127 in
1485 1095 1591 1128 eodem
1612 1090 1708 1138 plano
1737 1102 1798 1126 non
1821 1102 1890 1126 con.

1063 1145 1269 1194 sistentibus,
1298 1147 1337 1180 ad
1363 1146 1446 1178 idem
1474 1152 1581 1179 tamen
1611 1140 1762 1190 punflum
1784 1140 1890 1183 consti-

1069 1208 1150 1234 tutzs
1165 1223 1176 1238 ,
1208 1205 1402 1232 contmetur.

1136 1279 1647 1320 COROLLARIUM
1720 1272 1816 1313 111.

1117 1378 1203 1409 449.
1229 1366 1281 1403 Ut
1309 1361 1422 1412 anguli
1444 1361 1535 1397 solidi
1562 1362 1620 1396 sint
1644 1359 1806 1408 aequales,
1837 1373 1892 1394 an-

1067 1417 1151 1467 gulis
1181 1415 1285 1465 planis
1308 1419 1341 1450 &
1368 1412 1575 1449 multitudine
1601 1417 1635 1448 δε
1669 1411 1891 1459 magnitudine

1068 1467 1245 1517 :equalibus
1268 1478 1303 1500 ac
1327 1465 1444 1499 eodem
1469 1464 1583 1498 ordine
1601 1460 1765 1510 dispofitis·
1785 1458 1892 1496 conti*-

1068 1520 1138 1555 neti
1166 1517 1288 1553 debent
1308 1513 1371 1560 (9⁶.
1386 1514 1602 1557 15.Aritl)m.
1617 1514 1640 1556 >-

1235 1595 1591 1641 SCHOLXION
1655 1588 1715 1629 II.

1119 1692 1205 1726 450.
1228 1682 1370 1725 Suppono
1379 1676 1498 1720 scilicet
1513 1698 1524 1716 ‚
1551 1682 1589 1709 ut
1605 1672 1715 1719 anguli
1724 1670 1815 1715 solidi
1830 1670 1891 1713 fial-

1068 1745 1111 1767 va
1137 1732 1318 1777 quantitate
1347 1727 1410 1772 fibi
1443 1735 1553 1762 mutuo
1581 1723 1731 1768 substitui
1754 1721 1889 1769 possmt,

1067 1794 1117 1817 eos
1142 1783 1231 1817 intra
1251 1780 1284 1824 [ὲ
1318 1782 1454 1813 invicem
1488 1774 1603 1823 positos
1641 1784 1810 1819 congruere
1837 1773 1890 1806 de-

1066 1832 1142 1868 bere
1170 1845 1180 1867 .·
1223 1829 1483 1878 quemadmodum
1517 1828 1617 1860 etiam
1644 1821 1755 1872 anguli
1798 1820 1888 1856 solidi

1065 1880 1202 1929 aequales
1229 1884 1327 1926 vulgo
1343 1876 1562 1921 definiuntur,
1595 1877 1676 1923 quod
1692 1876 1780 1909 intra
1796 1872 1887 1918 sein-

1063 1935 1167 1969 vicem
1187 1931 1279 1978 politi
1303 1936 1487 1975 congruant.

1178 2012 1646 2052 COROLLARIUM
1696 2003 1773 2043 IV.

1115 2125 1201 2159 451.
1231 2115 1319 2147 Cum
1357 2106 1467 2157 anguli
1505 2103 1598 2140 solidi
1634 2098 1785 2148 distingui
1831 2108 1883 2130 ne-

1065 2173 1188 2212 queant
1218 2161 1278 2198 nifi
1315 2173 1373 2208 pet
1404 2159 1543 2206 planos,
1571 2152 1691 2200 quibus
1718 2149 1883 2184 continen-

1066 2227 1118 2252 tut
1148 2216 1215 2257 (5.
1232 2210 1334 2258 448)
1357 2234 1368 2249 ,
1405 2207 1462 2243 ubi
1490 2204 1576 2254 plani
1604 2208 1639 2239 &
1663 2211 1823 2236 numero,
1849 2198 1884 2230 &

1066 2265 1294 2312 magnitudine
1315 2258 1455 2308 aequales
1492 2269 1528 2290 ac
1552 2254 1668 2289 eodem
1696 2249 1809 2285 ordine
1829 2243 1886 2280 dis.

1067 2316 1162 2365 positi
1192 2314 1339 2354 fuerint,
1369 2324 1405 2346 ea
1429 2306 1619 2343 coincidunt
1643 2314 1698 2351 per
1719 2312 1790 2346 quae
1820 2310 1837 2331 a
1858 2294 1886 2351 se

1068 2367 1209 2402 invicem
1230 2362 1382 2411 distingui
1403 2359 1535 2395 debent.
1591 2356 1670 2389 Sunt
1696 2363 1774 2398 ergo
1804 2346 1888 2400 sinus

1068 2417 1113 2452 1⁴³⁵
1143 2419 1208 2459 (5-
1229 2427 1273 2456 24
1290 2413 1439 2451 Arithm.
1457 2412 1468 2449 )
1489 2435 1498 2448 ,
1523 2404 1755 2451 consequenter
1780 2393 1886 2443 anguli

1070 2467 1164 2503 solidi
1191 2464 1307 2502 similes
1329 2462 1400 2499 sunt
1432 2455 1571 2506 aequales
1608 2459 1642 2491 &
1679 2458 1792 2486 contra
1819 2446 1887 2491 (5.

1073 2531 1144 2561 449
1160 2520 1186 2562 )’
1474 2560 1505 2598 Ζ
1730 2549 1895 2590 CoR0L-
