2101 2869
880 161 1019 213 (15)

109 250 1805 344 Μῖἒὲἓὲἷέψὲὲέἒὲῌᾲᾊὲὲὲὲἓὲέἕᾋὲ

104 304 1804 399 ὲὲἓὲῗὲῗᾷῇῖᾱῷᾱῖῗῧὲῖπῇπῇῖᾱφῖ

394 437 1525 530 ELEMENTA

108 591 1801 713 ARITHMETIC-AE-

557 778 1345 830 PRAEFATIO.

279 912 475 971 M}
536 897 650 947 ΟΝ
706 892 881 946 dubito
912 893 1015 947 fore
1055 890 1244 966 aliquos
1274 932 1287 951 ,
1345 893 1429 966 qui
1469 890 1804 947 mirabuntur,

218 1032 232 1040 .‚
355 969 391 1036 g
537 969 674 1043 quod
711 969 959 1025 Elementa
1001 970 1277 1025 Matheseos
1335 971 1560 1028 universae
1608 968 1807 1023 conscri-

149 1041 235 1123 j}
275 1041 481 1129 0:225?
536 1047 652 1101 bens
693 1053 1059 1102 MATHESIN
1139 1053 1574 1103 UN1VERSALE
1601 1070 1642 1103 M
1697 1065 1809 1119 prae-

159 1119 236 1171 ἶ
275 1169 286 1197 s
334 1117 479 1216 {eff
542 1126 822 1180 termittam.
905 1126 1165 1182 Enimvero
1212 1147 1363 1201 quam
1398 1145 1645 1199 perperam
1683 1142 1811 1176 non-³

215 1214 231 1250 <
330 1202 379 1249 27>
401 1201 473 1248 ἴ
536 1203 653 1257 nulli
676 1202 915 1257 Mathefin
945 1203 1257 1261 universalem
1277 1204 1515 1277 appellant
1533 1240 1547 1262 ,
1581 1223 1691 1257 eam
1711 1221 1807 1278 ego

111 1285 174 1339 ab
193 1279 501 1338 Arithmetica
520 1282 751 1337 diversam
777 1301 880 1335 non
901 1282 1126 1357 agnosco.
1177 1283 1482 1349 Quantitates
1502 1282 1658 1337 enim,
1695 1299 1808 1353 qua-

112 1383 223 1417 rum
263 1361 542 1416 affeetiones
583 1363 637 1413 &
668 1358 922 1413 relationes
944 1361 992 1412 in
1033 1358 1087 1413 ea
1123 1361 1453 1418 considerant,
1499 1380 1589 1432 pro
1632 1378 1810 1413 nume-

112 1442 170 1493 ris
198 1437 571 1493 indeterminatis
604 1436 763 1491 habeo
792 1465 800 1491 :
826 1458 934 1512 quae
974 1438 1120 1491 etiam
1153 1438 1276 1492 ratio
1299 1440 1389 1498 est,
1442 1459 1525 1491 cur
1564 1457 1666 1490 non
1708 1435 1809 1490 aliae

112 1517 316 1590 ipsarum
337 1557 348 1575 ‚
392 1536 542 1590 quam
570 1534 891 1569 numerorum
919 1516 1006 1568 fint
1027 1514 1308 1569 affeffiones
1343 1536 1398 1569 ae
1424 1515 1689 1568 relationes.
1743 1520 1809 1568 Ea

110 1595 255 1670 igitur
275 1631 288 1652 ,
325 1615 431 1668 quae
471 1595 519 1646 in
549 1591 753 1647 Mathesi
784 1593 1030 1647 univerlali
1063 1592 1216 1667 v’ulgo
1245 1593 1435 1648 traetari
1472 1592 1624 1645 solent
1644 1632 1658 1650 ,
1712 1611 1809 1666 ego

110 1673 160 1725 in
190 1669 497 1727 Arithmetica
530 1675 768 1743 pertra&o
791 1699 800 1723 :
824 1668 927 1745 quo
962 1670 1210 1724 rationum
1242 1671 1545 1743 potiffirnum
1585 1669 1808 1722 dostrina

111 1751 301 1822 speetat.
324 1748 581 1804 Calculum
601 1766 765 1801 tamen
783 1767 1105 1802 numerorum
1122 1748 1607 1802 indeterminatorum
1620 1787 1632 1806 ‚
1657 1767 1809 1820 quem

113 1832 186 1882 L1
210 1849 239 1880 T
256 1848 286 1880 T
303 1848 328 1879 E
350 1849 380 1880 R
400 1850 426 1879 A
443 1849 470 1880 L
486 1849 511 1881 E
533 1849 571 1880 M
615 1826 848 1899 appellare
877 1827 1030 1879 solent
1049 1866 1061 1885 ,
1103 1847 1206 1880 non
1226 1826 1472 1900 integrum
1491 1825 1630 1878 trado
1650 1866 1662 1884 ‚
1693 1825 1808 1898 quia

116 1905 164 1957 in
186 1903 673 1958 demonstrationibus
697 1903 1016 1957 Arithmeticis
1036 1907 1090 1957 ὃς
1110 1904 1426 1959 Geometricis
1455 1904 1646 1977 integro
1684 1922 1808 1974 opus

112 2002 215 2036 non
255 1981 429 2035 habeo.
510 1981 695 2036 Plenior
725 1981 849 2034 adeo
880 1981 1130 2053 explicatio
1172 1987 1461 2035 ANALYSI
1517 1980 1798 2036 reservatur.

112 2065 220 2114 Nec
248 2059 493 2114 rationum
523 2059 799 2113 doetrinam
828 2080 921 2130 ope
944 2059 1111 2113 calculi
1140 2059 1284 2132 hujus
1315 2058 1457 2112 solius
1487 2059 1768 2112 demonstro
1791 2096 1804 2114 ‚

113 2137 224 2210 quia
262 2158 376 2192 cum
414 2138 574 2212 rigore
614 2137 970 2191 demonstrandi
1010 2178 1021 2196 ,
1082 2158 1234 2211 quem
1281 2137 1402 2190 mihi
1449 2135 1805 2191 observandum

113 2215 380 2286 proposui,
440 2235 494 2269 ea
535 2214 893 2269 demonstrandi
934 2215 1054 2269 ratio
1089 2236 1192 2271 non
1231 2214 1425 2268 subsistit
1463 2255 1474 2273 ,
1539 2232 1709 2286 utpote
1755 2213 1806 2267 in

113 2289 208 2365 qua
244 2292 398 2346 multa
438 2293 767 2347 communiter
799 2293 894 2345 fine
925 2292 1215 2365 probatione
1248 2293 1576 2350 affamuntur,
1622 2312 1730 2366 quae
1751 2295 1806 2346 &

113 2366 141 2422 a
180 2369 415 2423 veteribus
446 2371 801 2428 demonstrata,
855 2390 944 2424 nec
983 2372 1103 2426 mihi
1137 2372 1232 2426 sine
1273 2371 1563 2444 probatione
1604 2370 1806 2443 concedg

111 2450 239 2518 poffe
264 2449 357 2503 vifiz
383 2449 486 2506 sunt
511 2489 525 2509 ‚
564 2448 647 2504 ubi
682 2449 887 2504 solidam
918 2449 1198 2511 doetrinam
1226 2450 1360 2507 cordi
1395 2450 1630 2508 habueris
1715 2452 1820 2500 Ve-·

1695 2543 1819 2582 ram-
