2101 2869
270 161 323 204 32
515 126 1015 197 JELE‘MENTA
1075 149 1702 197 ARITHMETICAE.

337 248 401 303 pla
425 249 628 302 Septenarii
658 251 871 290 centenario
893 248 1063 289 inferiora
1077 276 1088 293 ,

311 349 314 353 ,
340 319 475 360 nempe
501 316 540 356 7.
570 318 631 352 14.
663 317 728 350 21.
756 316 821 352 28.
847 319 910 358 35.
930 316 998 352 42.
1021 317 1088 353 49.

347 372 410 416 56.
434 371 500 414 63.
529 375 596 414 70.
618 375 685 416 77.
703 374 767 411 84.
791 377 856 414 91.
879 373 947 413 98.
976 364 1091 403 conti·

340 437 413 463 nua
427 424 631 476 Septenarii
644 423 836 463 additione
854 421 1088 462 invenienda.

339 482 401 522 Est
410 482 505 520 enim
525 487 755 532 74—7214,
776 483 1088 531 14÷7=21&C.

283 550 321 587 2.
344 542 386 580 In
413 540 586 593 exemplo
623 539 671 579 ad
696 539 982 580 examinandum
1005 551 1091 591 pro-

339 596 459 654 posito
478 627 490 643 ,
522 597 637 637 veluti

849 659 925 690 566

434 698 525 736 8259
826 697 918 735 8259

852 745 917 775 526

438 784 528 820 2587
827 783 917 819 2687

851 893 943 922 3425

411 932 531 968 10946
821 931 941 965 10946

336 975 525 1017 sumantur
559 975 596 1015 in
627 986 837 1029 aggregato
864 975 959 1014 binae
988 985 1085 1012 notae

335 1035 509 1076 finistimae
532 1047 584 1077 10
611 1037 649 1073 &
682 1047 767 1073 cum
790 1031 966 1086 multiplis
1006 1029 1085 1084 sep-

330 1094 465 1134 tenarii
496 1092 746 1133 conferantur.

275 1163 315 1203 3.
337 1152 552 1206 Multiplum
586 1151 757 1205 proxime
796 1149 941 1189 inferius
978 1178 989 1196 ,
1016 1160 1084 1188 aut

332 1209 407 1264 ipse
442 1209 666 1264 septenarius
686 1238 697 1256 2
737 1209 851 1248 veluti
883 1209 919 1247 in
958 1209 1083 1247 nostro

334 1267 418 1309 casu
434 1298 446 1316 ,
479 1269 527 1307 ab
564 1267 635 1307 istis
662 1268 760 1306 notis
787 1265 1021 1306 subtrahatur
1045 1269 1082 1306 &

333 1326 514 1367 residuum
546 1338 565 1375 3
591 1325 722 1365 iisdem
750 1323 1054 1379 superscribatun

269 1391 311 1433 ’4.
330 1386 462 1438 JunCta
481 1386 565 1424 huic
598 1383 742 1424 refiduo
777 1395 796 1432 3
845 1396 934 1423 nota
959 1383 1081 1436 proxi-

333 1459 393 1484 me
413 1443 587 1497 sequente
605 1454 629 1490 9
652 1472 663 1489 ,
682 1456 852 1482 numerus
870 1442 956 1481 inde
970 1440 1079 1480 resul-

326 1514 407 1542 tans
455 1513 506 1551 39
542 1499 755 1540 conferatur
791 1513 831 1539 ut
870 1512 955 1540 ante
995 1513 1080 1539 cum

326 1559 519 1614 septenarii
539 1559 713 1613 multiplis
735 1562 773 1598 ὃς
785 1587 797 1605 ,
817 1559 988 1612 proxime
1015 1558 1080 1597 mi-

324 1619 408 1658 nori
448 1630 496 1669 35
544 1619 630 1657 inde
661 1616 843 1657 subducto
862 1646 874 1664 ,
896 1615 1079 1656 relidutlm

329 1688 357 1722 4
373 1675 479 1730 supra
500 1675 686 1716 scribatur.

276 1747 310 1787 ς,
331 1737 420 1774 Haec
452 1735 620 1788 operatio
656 1734 892 1773 continuetur
912 1762 923 1779 ‚
956 1733 1078 1772 donec

327 1792 510 1832 residuum
526 1793 694 1832 ultimum
722 1803 738 1843 5
763 1790 868 1845 super
882 1803 971 1831 nota
990 1792 1080 1831 dex-

329 1852 418 1891 tima
436 1852 660 1891 obtineatur.

272 1918 310 1955 6.
332 1909 491 1963 Singulae
504 1907 828 1964 aggregandorum
843 1906 949 1948 series
965 1915 1078 1959 2687

331 1972 369 2008 δε
391 1976 499 2018 8259
521 1968 656 2007 eodem
686 1967 805 2006 modo
833 1969 1047 2007 traetentur.

270 2031 310 2077 7.
330 2025 486 2066 Relidua
515 2023 620 2079 super
639 2026 734 2064 notis
754 2025 926 2065 dextimis
947 2034 970 2067 6
995 2028 1032 2064 δε
1052 2032 1076 2067 6

328 2083 512 2124 addantur
531 2087 569 2123 δε
583 2097 603 2122 a
622 2081 760 2122 summa
787 2093 832 2125 12
857 2081 1077 2137 septenarius

328 2143 388 2182 vel
405 2143 482 2193 ejus
513 2142 720 2194 multiplum
741 2141 912 2196 proxime
930 2141 1077 2180 inferius

328 2201 533 2250 abjiciatur.

328 2258 473 2313 Qodli
499 2257 681 2298 residuum
717 2257 823 2298 fuerit
855 2256 953 2297 idem
992 2272 1076 2298 cum

268 2316 413 2358 refiduo
432 2315 537 2369 super
559 2328 648 2356 nota
670 2317 840 2356 dextima
861 2318 1073 2370 aggregati,

268 2376 375 2415 velut
404 2375 442 2414 in
469 2375 595 2415 nostro
629 2375 804 2429 exemplo
838 2386 877 2425 53
908 2374 1077 2429 operatio

270 2435 338 2476 tite
369 2435 528 2488 peraeta.

1228 250 1993 293 DfimoNsi-Rarros'·

1241 307 1303 346 Ad
1321 310 1578 362 operationem
1597 322 1741 351 attento
1759 310 1990 351 manifestum

1184 366 1235 405 est
1254 394 1263 406 ‚
1287 377 1365 405 tum
1399 380 1446 406 ex
1481 380 1689 422 aggregato
1710 398 1722 416 ,
1750 381 1829 409 tum
1855 383 1902 409 ex
1927 382 1989 422 ag-

1184 424 1382 477 gregandis
1408 425 1519 475 abjici
1542 428 1666 466 onmia
1683 427 1850 481 multipla
1870 425 1989 481 septu-

1183 481 1259 535 pli,
1292 496 1324 521 e.
1352 496 1407 536 gr.
1433 483 1469 522 in
1501 485 1627 524 nostro
1663 484 1746 525 casu
1767 485 1987 525 millenario-

1182 553 1264 578 rum
1285 569 1297 586 ,
1319 543 1617 582 centenariorum
1636 572 1647 590 ,
1680 543 1864 584 decadum
1879 572 1890 590 ³
1913 543 1988 584 uni-

1181 609 1311 637 tatum.
1372 600 1456 651 Jam
1483 614 1567 639 cum
1589 614 1832 656 aggregatum
1853 600 1894 640 fit
1924 613 1987 654 ag·

1181 656 1377 709 gregandis
1389 658 1554 711 aequale(
1573 665 1667 705 §.61
1686 659 1724 710 )‚
1756 660 1881 699 omnia
1895 672 1987 713 quo—

1180 727 1255 767 que
1274 715 1336 753 ista
1361 716 1531 770 multipla
1543 717 1695 767 junffim
1712 715 1829 757 sumta
1847 717 1997 757 utrobi-'

1179 786 1252 825 que
1280 773 1435 826 aequalia
1461 772 1531 814 effe
1549 775 1689 815 debent
1710 777 1726 828 ζ
1743 782 1775 823 §.
1801 774 1866 819 86.
1885 783 1938 826 87
1955 775 1984 826 )·

1179 832 1281 870 Cum
1305 830 1403 871 adeo
1422 832 1471 871 ab
1496 834 1701 886 aequalibus
1720 834 1873 888 aequalia
1884 832 1984 873 aufe-

1177 901 1323 931 rantur;
1345 889 1484 929 reiidua
1501 891 1655 930 omnino
1668 892 1824 946 aequalia
1845 891 1912 930 fint
1923 904 1985 930 ne-

1177 945 1268 986 cesse
1293 947 1344 986 est
1362 949 1378 998 <
1393 954 1425 994 §.
1443 959 1491 996 91
1519 949 1545 999 >.
1565 951 1693 1008 Qare
1716 949 1741 989 fi
1761 950 1952 1003 contingat
1970 977 1982 991 ,

1175 1004 1367 1059 inaequalia
1399 1005 1538 1046 residua
1562 1007 1662 1049 fieri3
1684 1008 1722 1048 id
1733 1007 1870 1047 indicio
1885 1008 1953 1046 erit
1969 1035 1983 1054 ,

1173 1063 1198 1102 fi
1228 1077 1383 1104 examen
1416 1066 1484 1104 rite
1510 1066 1712 1106 institutum
1747 1095 1760 1113 ,
1816 1078 1982 1105 errorem

1172 1122 1208 1162 in
1257 1123 1476 1177 operatione
1523 1122 1721 1175 admissum
1771 1121 1885 1165 fuiise.
1927 1123 1987 1176 Q

1172 1198 1201 1221 e„
1231 1183 1268 1221 d.

1411 1236 1447 1280 Α
1479 1252 1501 1280 L
1537 1253 1550 1279 1
1586 1255 1611 1280 ‘r
1644 1254 1663 1281 E
1701 1253 1739 1281 R.

1176 1310 1191 1341 1
1203 1328 1213 1338 .
1233 1298 1474 1352 Colligantur
1492 1298 1673 1353 sigillatim
1690 1301 1725 1339 in
1760 1312 1871 1339 unam
1889 1296 1982 1338 sum-

1226 1370 1327 1396 zmam
1355 1357 1500 1411 fingulae
1524 1356 1630 1398 series
1657 1357 1848 1397 verticales
1868 1386 1880 1403 ‚
1900 1357 1981 1410 qui-

1230 1416 1301 1454 bus
1316 1417 1483 1455 constant
1505 1417 1646 1455 numeri
1664 1414 1869 1455 summandi
1882 1443 1893 1460 ‚
1914 1415 1979 1453 ini-

1225 1474 1282 1513 tio
1315 1473 1413 1514 finito
1432 1487 1454 1512 a
1479 1472 1610 1513 finistra
1647 1477 1684 1514 δε
1701 1472 1979 1527 progrediendo

1229 1529 1358 1572 versus
1380 1532 1549 1571 dextram
1564 1561 1575 1579 ,
1595 1535 1632 1572 &
1657 1531 1812 1585 quidem
1832 1529 1979 1571 descen-

1224 1589 1354 1630 dendo
1374 1594 1426 1640 (ἕ,
1443 1598 1497 1638 96
1513 1591 1539 1640 ).

1171 1657 1208 1691 2.
1228 1651 1388 1688 Summae
1405 1648 1576 1703 partiales
1594 1646 1854 1688 subtrahantur
1872 1660 1893 1687 a
1912 1660 1977 1687 no-

1226 1708 1271 1746 tis
1287 1705 1455 1753 summae,
1476 1720 1558 1760 qua:
1576 1705 1722 1760 lingulis
1730 1704 1888 1746 seriebus
1909 1703 1977 1746 res-

1225 1765 1395 1818 pondent
1413 1767 1429 1818 (
1449 1769 1484 1809 §.
1512 1776 1584 1813 103
1606 1767 1636 1812 ).
1692 1796 1696 1799 .

1224 1823 1371 1877 -Qodfi
1386 1823 1422 1861 in
1436 1823 1524 1862 loco
1540 1823 1709 1862 dextimo
1724 1851 1736 1869 >
1752 1822 1816 1876 qui
1829 1823 1881 1863 est
1900 1822 1977 1861 uni-

1168 1894 1307 1929 tatum,
1328 1881 1555 1935 relinquatur
1574 1881 1714 1935 cyphra
1735 1910 1745 1923 ‚
1768 1881 1912 1921 additio
1930 1880 1975 1920 ri-

1168 1953 1206 1981 te
1233 1943 1391 1994 peraeta.

1218 2001 1254 2036 E.
1280 2012 1330 2047 gr.
1361 2000 1408 2033 Sit
1433 1996 1614 2045 exemplum
1636 1996 1810 2032 additionis

1334 2049 1478 2081 A13CI)

1338 2109 1351 2139 3
1377 2108 1430 2139 57
1451 2110 1471 2139 9

1336 2151 1356 2183 8
1373 2157 1395 2186 4
1411 2152 1431 2179 6
1451 2160 1467 2179 2

1339 2206 1353 2238 5
1377 2207 1427 2236 37
1449 2201 1471 2228 6

1282 2267 1517 2283 ——5—-———

1269 2312 1272 2315 ’
1303 2314 1470 2343 Ι74-Ῑ7

1336 2364 1423 2387 121
1446 2365 1467 2385 0

1170 2403 1326 2441 Colleffls
1347 2405 1379 2437 in
1410 2413 1508 2436 unam
1538 2400 1695 2439 summam
1721 2405 1807 2440 notis
1834 2405 1863 2439 in
1896 2403 1974 2441 serie

1171 2458 1219 2494 A,
1240 2458 1295 2492 16-
1324 2449 1519 2488 subducatur
1541 2466 1577 2488 cx
1595 2466 1651 2496 17.
1669 2459 1703 2492 δε
1718 2455 1840 2493 tesldua
1859 2467 1873 2491 1
1904 2454 1974 2489 scri-

1881 2503 1975 2539 batur
