2101 2869
239 181 322 239 αφ.
358 181 444 224 III.
496 183 576 225 DE
635 182 924 228 RATIONE
982 188 1059 229 ET
1119 186 1594 232 PROPORTIONE.
1799 204 1855 247 47

259 282 706 321 SCHoLION.
758 282 806 322 11.

181 351 262 383 153.
287 339 362 375 Alii
385 337 483 385 fignis
505 340 580 374 anis
606 348 754 376 utuntur.
796 344 939 378 Commu-

127 393 213 426 m'ter
230 385 292 425 Ἀ.
326 393 356 426 B
378 402 407 424 .·.·
427 392 462 426 C.
483 391 531 425 D.
553 388 695 436 scribere
718 390 831 436 solent.
884 396 942 428 Sed

122 440 287 486 fecundum
324 443 406 484 leges
439 441 533 474 Artis
572 440 824 481 charafteristicae
853 442 942 490 signa

124 487 292 533 scientifica
332 489 593 536 non-scientificis
628 492 774 537 proferri
816 495 942 529 debent.

124 542 203 575 Sunt
230 547 337 575 autem
359 540 448 586 signa
469 538 670 584 scientifica,
691 542 750 587 seu
783 545 823 578 ad
854 545 943 578 inve-

125 591 272 625 niendum
299 598 397 637 apta,
419 601 481 637 que
505 600 562 638 per
588 591 787 627 characteres
814 595 943 629 deriva-

124 637 209 675 ti'vos
246 643 431 686 exprimunt
450 667 459 680 ,
482 653 617 687 quorum
645 645 787 678 notiones
809 656 848 679 ex
867 644 941 679 aliis

115 690 364 739 fimplicioribus
395 700 634 738 componuntur.

222 743 735 783 COROLLARIUM.
768 743 837 784 ΠΙ.

178 811 260 844 154.
286 802 372 835 Cum
392 800 533 835 rationes
555 813 624 835 non
645 799 868 837 discernantur
881 802 941 838 nifi

124 862 184 900 per
217 860 414 898 exponentes
453 853 526 893 (J.
558 863 622 892 141
649 853 681 893 )‚
704 853 737 887 in
758 853 942 888 rationibus

124 912 234 937 autem
259 901 370 935 iisdem
405 910 602 949 exponentes
630 901 729 936 iidem
766 901 827 938 sint
865 905 941 947 (Β.

128 951 247 996 149),
277 952 417 986 rationes
453 953 572 987 eaedern
607 949 679 986 sunt
701 952 799 987 etiam
827 954 943 990 fimiles

123 1000 195 1047 (5.
215 1004 311 1045 24),
340 1006 374 1036 &
403 1011 528 1040 contra.

319 1055 654 1093 DEFINITIO
687 1055 820 1095 XLIX.

191 1121 284 1162 155.
320 1111 530 1152 ‘Rationum
565 1111 726 1153 duarum
767 1114 958 1156 identitas

124 1169 186 1210 vel
217 1168 418 1211 similitudo
447 1170 583 1212 dicitur
624 1173 824 1228 Propertio.
896 1177 943 1216 Et

123 1228 208 1269 hinc
227 1230 452 1284 quantitates
477 1231 638 1271 eandem
668 1232 852 1274 rationem
879 1234 942 1275 ha-

124 1287 256 1329 bentes
282 1290 456 1330 dicuntur
473 1295 775 1346 proportionales.
819 1296 861 1334 E.
881 1308 939 1349 gr.

123 1347 163 1387 Si
178 1347 226 1388 A:
246 1350 341 1388 B:
352 1350 400 1389 C:
423 1351 770 1398 D‚dicunturA,B‚
786 1354 873 1394 C&
886 1357 938 1401 D,

120 1404 185 1448 seu
206 1414 246 1455 8,
267 1419 307 1455 4,
336 1419 391 1458 30
415 1411 455 1449 &
479 1421 493 1451 1
507 1420 524 1460 ς
551 1411 866 1465 proportionales.
890 1413 893 1417 ’

285 1469 324 1509 D
345 1479 366 1507 E
391 1480 408 1507 F
433 1480 446 1507 1
471 1479 529 1508 Nl
556 1483 581 1508 r
602 1481 616 1509 1
639 1481 665 1510 o
730 1472 774 1511 L.

187 1533 279 1577 156.
331 1528 518 1582 Propertio
565 1534 739 1570 continua
784 1531 836 1571 est
854 1560 866 1579 ,
915 1530 941 1572 fi

123 1583 355 1641 consequens
381 1587 508 1641 primae
540 1589 693 1629 rationis
725 1589 827 1631 idem
854 1605 939 1631 cum

121 1645 369 1686 antecedente
403 1644 602 1695 secundae,
641 1660 681 1688 ut
712 1648 738 1688 fi
777 1661 820 1699 3:
853 1658 941 1694 ότ-

123 1713 173 1748 6:
200 1714 246 1748 12
262 1709 284 1752 :i
319 1704 485 1758 Discreta
510 1721 623 1754 vero,
652 1707 685 1748 fi
708 1707 939 1764 consequens

120 1764 246 1818 primae
292 1763 458 1806 diversus
499 1767 549 1806 ab
593 1767 844 1809 antecedente
885 1766 940 1809 se-

122 1821 292 1865 cundae,
337 1835 379 1864 ut
425 1823 452 1864 fi
496 1836 549 1875 3:
587 1834 749 1874 6=4:
786 1835 823 1872 8.
895 1830 938 1869 In

120 1883 369 1938 proportione
411 1884 588 1926 continua
623 1892 803 1929 terminus
823 1916 836 1935 ,
873 1889 939 1942 qui

120 1938 383 1996 consequentis
428 1943 553 1998 primae
598 1948 638 1986 δε
681 1946 937 1988 antecedentis

120 1998 286 2041 secundae
318 2003 440 2042 vicem
465 2015 593 2044 tuetur
612 2034 622 2046 ‚
665 2007 826 2047 Medius
855 2021 937 2062 pro-

113 2063 332 2117 portionalis
370 2062 593 2116 appellatur.
658 2065 715 2105 Ita
760 2079 937 2107 numerus

123 2125 148 2163 6
191 2120 243 2161 est
277 2120 420 2162 medius
454 2121 750 2179 proportionalis
783 2125 880 2167 inter
913 2138 933 2177 3

121 2181 162 2219 δε
192 2189 256 2223 12.
770 2204 774 2208 -

296 2240 323 2280 S
356 2251 380 2278 c
415 2251 442 2280 Η
475 2255 501 2282 o
533 2253 557 2283 L
598 2255 613 2286 1
651 2255 678 2284 ο
714 2255 758 2285 N.

174 2312 257 2344 157.
285 2304 463 2352 Gregorius
483 2318 500 2339 a
519 2307 553 2340 S.
570 2307 745 2343 Vincentio
775 2306 836 2355 (a)
863 2323 933 2346 con-

115 2350 234 2398 siderat
259 2364 381 2400 quoque
406 2357 574 2399 rationes,
597 2371 678 2404 quas
698 2358 817 2396 habent
833 2363 933 2396 ratio·
989 2397 998 2404 ,

119 2414 194 2438 num
219 2412 431 2451 exponentes,
448 2408 497 2442 ’όν
519 2408 864 2456 proportionalitatem
880 2424 934 2447 vo-

118 2461 171 2488 cat
182 2457 420 2500 proportionem
435 2482 444 2496 ‚
470 2469 535 2505 quae
549 2460 634 2495 inter
650 2470 843 2509 exponentes
857 2474 935 2509 qua-

120 2510 196 2540 tuor
225 2507 386 2544 rationum
414 2510 613 2554 intercedit,
640 2520 678 2546 ut
704 2514 811 2548 modos
841 2525 934 2562 argu-

162 2609 223 2649 (a)
245 2615 439 2658 Qadraturae
461 2617 576 2652 Circuli
595 2617 649 2652 lib.
670 2622 698 2655 8.
718 2617 740 2652 f.
765 2621 833 2658 865.

1034 285 1194 320 mentandi
1217 285 1249 319 in
1284 287 1468 320 Geometria
1492 287 1592 322 etiam
1623 299 1642 321 a
1678 289 1853 327 rationibus

1035 334 1228 382 diffimilibus
1244 334 1401 377 desumere
1414 335 1518 373 liceat.
1573 338 1633 373 Sed
1646 349 1700 373 nos
1712 339 1769 376 hac
1785 343 1854 382 doc:

1036 395 1123 420 mna
1150 397 1211 420 non
1236 394 1376 421 utemur.

1203 437 1548 478 DEFINITIO
1606 439 1686 479 LI.

1102 503 1196 545 158.
1233 495 1437 535 Rationum
1476 494 1703 537 diversarum
1733 498 1797 540 A:
1822 500 1853 541 B

1037 556 1074 593 ἃ
1093 557 1120 594 F
1141 571 1148 592 :
1171 556 1207 594 G
1237 560 1353 608 major
1382 555 1520 596 dicitur
1549 555 1586 596 A
1606 558 1661 596 :B
1682 585 1694 603 ,
1726 556 1752 596 fi
1777 557 1855 600 fue-

1035 612 1081 652 rit
1112 612 1148 652 A
1168 630 1175 652 :
1197 615 1269 653 B>
1294 614 1344 652 F:
1364 615 1432 656 G‚·
1467 626 1601 656 contra
1636 621 1758 657 minor
1797 619 1853 658 F:

1035 670 1268 719 G‚fiF2G
1293 686 1317 712 <
1343 672 1469 714 A:B.
1521 674 1640 715 Unde
1673 678 1713 716 δε
1744 676 1855 717 ratio-

1034 746 1119 771 nem
1152 731 1336 782 majorem
1358 745 1403 771 ac
1431 733 1617 774 minorem
1638 734 1713 775 hoc
1734 735 1856 777 modo

1034 789 1325 846 designabimus.
1359 791 1402 830 E.
1421 805 1477 846 gr.
1500 799 1523 836 6
1545 793 1595 833 ad
1618 805 1638 843 3
1670 794 1855 846 majorem

1033 850 1149 890 habet
1177 850 1361 891 rationem
1392 864 1508 906 quam
1551 863 1568 903 ς
1600 853 1650 893 ad
1679 864 1707 900 4
1727 882 1739 900 ,
1766 868 1855 895 nam

1035 916 1090 954 6:
1116 913 1275 960 3(=2)
1302 924 1327 950 >
1368 909 1732 965 5:4(2122->3sed
1755 923 1775 963 3
1805 911 1857 954 ad

1036 976 1059 1013 6
1080 970 1266 1010 minorem
1285 969 1425 1018 habet,
1444 984 1559 1026 quam
1578 983 1606 1019 4
1623 971 1672 1013 ad
1695 982 1743 1024 5,
1765 985 1855 1017 nam

1033 1032 1138 1078 3-—}
1154 1043 1178 1068 <1
1197 1033 1230 1080 ἐξ.

1195 1091 1546 1131 DEFINITIO
1610 1092 1724 1133 LII.

1100 1158 1193 1199 159.
1233 1147 1350 1195 Ratio
1386 1163 1434 1189 ex
1467 1147 1617 1191 duabus
1650 1150 1712 1192 vel
1740 1151 1854 1207 pluri-

1033 1207 1103 1247 bus
1134 1206 1213 1247 aliis
1244 1210 1430 1263 composita
1455 1208 1593 1250 dicitur
1610 1240 1622 1258 ,
1654 1224 1771 1266 quam
1788 1213 1853 1254 ha-

1033 1267 1099 1307 bet
1124 1265 1263 1307 fastum
1286 1281 1335 1308 ex
1351 1268 1510 1309 duarum
1532 1269 1592 1310 vel
1611 1269 1774 1325 plurium
1797 1284 1854 1313 ra-

1031 1326 1178 1366 tionum
1203 1326 1513 1368 antecedentibus
1548 1329 1598 1369 ad
1632 1329 1771 1371 saecum
1804 1345 1852 1371 ex

1029 1385 1233 1427 earundem
1265 1384 1596 1441 consequentibus.
1658 1390 1716 1430 Ita
1749 1398 1774 1434 6
1801 1390 1853 1432 ad

987 1481 989 1492 2
1031 1454 1086 1493 96
1112 1445 1175 1494 est*
1198 1446 1236 1485 in
1271 1447 1417 1486 ratione
1452 1447 1658 1502 composita
1691 1458 1714 1491 2
1742 1449 1791 1490 ad
1825 1456 1850 1493 8

1030 1508 1069 1545 &
1103 1515 1123 1554 3
1148 1504 1197 1545 ad
1226 1514 1288 1549 12.
1351 1507 1394 1546 In
1417 1504 1535 1560 specie
1565 1510 1753 1564 duplicata
1782 1522 1856 1557 νοπΙ

1030 1576 1134 1605 catur
1164 1593 1176 1611 ,
1217 1578 1300 1619 quae
1330 1578 1376 1605 ex
1414 1565 1587 1610 duabus5
1621 1571 1813 1623 trzssicata
1835 1597 1850 1616 ,

1029 1637 1112 1679 quae
1144 1638 1192 1665 ex
1231 1624 1379 1667 tribus,-
1422 1628 1733 1682 quadruplicata,
1765 1640 1851 1683 quae

1028 1697 1076 1724 ex
1108 1696 1274 1738 quatuor
1302 1686 1376 1724 &a
1411 1687 1450 1724 &
1485 1685 1521 1725 in
1552 1699 1690 1741 genere
1724 1689 1849 1728 multi-

1020 1746 1165 1799 plicata
1178 1772 1190 1790 ,
1212 1757 1295 1797 quae
1314 1757 1361 1784 ex
1388 1743 1557 1799 pluribus
1579 1746 1786 1787 rationibus
1807 1744 1850 1786 sx-

1028 1802 1178 1843 milibus
1197 1803 1460 1857 componitur,
1482 1804 1728 1860 multiplicata
1746 1820 1848 1847 nem-
1899 1819 1902 1820 ’

1027 1877 1076 1917 pe
1110 1859 1392 1916 uniuscujusque
1432 1862 1621 1904 rationum
1660 1864 1850 1907 fimiliulm

1027 1923 1083 1962 Ita
1102 1929 1156 1967 48
1179 1938 1188 1960 ε
1213 1933 1233 1971 3
1255 1919 1318 1962 seu
1344 1929 1393 1967 16
1415 1938 1423 1961 :
1448 1932 1463 1963 1
1487 1923 1539 1963 est
1559 1923 1656 1965 ratio
1678 1925 1847 1980 duplica-

1027 1994 1065 2021 ta
1094 1977 1257 2035 ipsarum
1287 1992 1343 2028 4:
1374 1993 1388 2024 1
1420 1984 1459 2022 &
1486 1991 1565 2026 12:
1590 1994 1628 2034 3.
1668 1984 1789 2026 Unde
1806 1982 1847 2024 fi-

1027 2040 1104 2080 mul
1135 2040 1375 2095 intelligitur,
1398 2055 1571 2096 quaenam
1600 2049 1697 2084 ratio
1719 2042 1844 2085 dicen-

1026 2099 1076 2140 da
1102 2097 1144 2139 fit
1163 2099 1421 2156 ficbduplicata
1439 2130 1449 2148 ,
1462 2101 1725 2158 sithtrlplicata
1737 2132 1749 2150 ,
1758 2102 1843 2155 βώ-

1026 2162 1307 2215 quadruplicata
1323 2163 1396 2201 Sec.
1424 2163 1461 2201 ὅ(
1480 2161 1516 2200 in
1533 2175 1671 2217 genere
1681 2162 1846 2216 sicbmul-

1006 2221 1208 2274 ‚tiplicatae
1241 2221 1396 2274 Nempe
1420 2230 1474 2266 4:
1501 2232 1516 2263 1
1552 2221 1606 2261 est
1643 2222 1738 2261 ratio
1761 2218 1842 2262 sub-

1025 2277 1214 2333 duplicata
1241 2277 1349 2334 ipfius
1376 2286 1426 2323 16
1445 2280 1457 2318 ἐ
1487 2291 1502 2323 1
1540 2280 1601 2320 vel
1632 2287 1686 2326 48
1710 2296 1718 2319 :
1744 2290 1781 2330 3.

1125 2354 1160 2392 T
1192 2364 1218 2392 H
1253 2365 1273 2393 E
1309 2364 1338 2393 o
1371 2365 1399 2393 R
1431 2364 1452 2393 E
1487 2366 1517 2393 M
1553 2366 1577 2393 A
1641 2355 1675 2394 X
1707 2353 1737 2393 Ι,

1092 2434 1183 2470 160.
1224 2427 1399 2483 Qaesimt
1418 2440 1459 2467 ut
1482 2441 1655 2468 numerus
1681 2431 1840 2468 rationa-

1024 2488 1073 2526 lis
1098 2489 1152 2527 ad
1172 2502 1362 2528 numerum
1390 2489 1608 2530 rationalem
1629 2515 1639 2528 ,
1668 2499 1841 2543 conamen—

1011 2545 1197 2600 ficrabilia
1221 2547 1325 2601 stom.

1632 2602 1839 2645 Demons-
