2101 2869
291 178 374 233 cap.
407 174 592 219 VLDE
638 176 1024 222 POTENTIIS
1070 178 1150 220 ET
1196 177 1605 223 RADICIBUS.
1783 196 1839 238 73

197 276 640 316 TnEoREMA
702 273 864 318 LVI.

174 378 270 416 291.
291 366 333 407 Si
353 380 398 406 ex
417 366 594 419 divisione
612 370 756 406 numeri
772 367 927 420 quadra-

113 432 144 468 ti
168 440 236 482 per
261 426 479 480 quadratum
494 452 505 466 ,
537 424 620 464 cubi
634 437 702 478 per
723 425 851 465 cubum
881 424 926 471 ὠ*

112 503 154 525 m
160 501 290 540 genere
295 487 461 538 potentiae
478 489 719 538 cujuscunque
728 497 798 538 per
811 487 927 525 aliam

102 546 258 600 fimilem
270 571 280 589 ,
302 557 477 583 numerus
496 546 634 596 integer
645 544 772 597 prodit
780 561 791 587 ,-
815 549 927 584 etiam

109 619 155 644 ex
175 603 352 657 divisione
371 602 509 642 radicis
525 614 593 657 per
612 603 769 643 radicem
788 607 928 659 integer

103 664 251 721 prodire
272 661 385 701 debet.

262 737 778 779 DEMONSTRATIO.

173 810 324 865 Qotus
343 823 389 849 ex
408 809 587 850 divisione
607 810 751 850 numeri
768 808 928 865 quadra-

112 866 141 908 ti
177 882 242 923 per
273 868 500 922 quadratum
528 898 539 916 ,
577 869 665 909 cubi
700 883 765 923 per
787 869 929 910 cubum

113 928 202 968 &in
232 941 369 982 genere
393 929 568 982 potentiae
592 929 846 983 cujuscunque
863 942 930 983 per

112 986 223 1026 aliam
254 986 406 1026 similem
434 1001 624 1042 emergens
654 989 706 1028 est
735 1002 928 1043 exponens

113 1046 263 1085 rationis
288 1046 559 1100 quadratorum
580 1076 589 1089 ,
620 1047 806 1088 cuborum
824 1076 836 1095 ‚
868 1047 929 1087 vel

113 1104 150 1144 in
172 1118 308 1158 genere
331 1106 579 1159 potentiarum
605 1105 775 1146 similium
797 1104 832 1146 se
851 1120 929 1146 rnu-

113 1175 180 1204 tuo
202 1164 449 1203 dividentium
470 1163 486 1217 (
505 1171 537 1212 §.
567 1173 642 1216 136
665 1166 682 1220 )
712 1196 723 1213 ,
752 1165 928 1221 adeoque

114 1223 362 1277 quadratum,
387 1223 504 1263 cubus
526 1225 618 1266 &in
640 1239 776 1280 genere
793 1237 928 1279 poten-

113 1282 165 1321 tia
193 1282 414 1336 exponentis
456 1284 607 1324 rationis
648 1284 817 1325 radicum
840 1284 856 1338 (
892 1291 926 1332 §.

118 1340 243 1391 290).
297 1343 427 1397 Qare
453 1356 537 1383 cum
568 1343 668 1384 idem
689 1343 730 1384 fit
744 1358 930 1385 numerus

112 1399 300 1439 rationalis
320 1401 487 1455 integer,
501 1415 569 1457 per
581 1404 719 1458 hypoth.
741 1404 809 1443 erit
826 1403 927 1444 idem

112 1472 286 1498 numerus
313 1459 499 1501 rationalis
522 1463 667 1517 integer
693 1463 896 1517 quadratus
912 1492 925 1510 ,

113 1517 231 1558 cubus
258 1518 319 1558 vel
338 1520 504 1572 potentia
522 1521 672 1562 alterius
691 1522 847 1576 gradus:
867 1537 929 1562 cu-

111 1577 169 1628 jus
189 1577 369 1631 quoniam
390 1578 496 1619 radix
514 1580 642 1621 itidem
667 1581 856 1622 rationalis
875 1582 928 1622 in-

110 1648 218 1691 teger
240 1635 312 1677 esse
343 1637 456 1678 debet
472 1641 490 1689 (
500 1646 538 1686 5.
559 1650 644 1692 250
662 1640 678 1694 )
699 1656 708 1683 ς
731 1641 845 1681 etiam
866 1655 929 1681 ex-

111 1709 256 1751 ponens
278 1696 446 1737 radicum
470 1712 644 1741 numerus
669 1700 858 1742 rationalis
876 1701 929 1742 in-

111 1767 218 1811 teger
242 1756 323 1798 erit„
356 1756 408 1812 Q
423 1774 452 1799 e.
471 1760 508 1798 d.

241 1834 757 1879 CORoLLARIUM.

166 1922 248 1955 292.
280 1913 394 1958 Qare
421 1909 443 1944 fi
476 1912 565 1946 mdix
592 1915 731 1951 radicem
760 1928 828 1950 non
857 1929 927 1953 me-

112 1960 193 1995 titur
208 1985 216 1997 ‚
244 1972 304 1995 nec
324 1962 518 2007 quadratum
542 1966 761 2009 quadratum,
789 1979 849 2000 nec
871 1981 926 2001 cu-

114 2010 174 2045 bus
197 2009 338 2051 cubum,
358 2023 417 2045 nec
443 2013 587 2059 potentia
607 2028 812 2063 quaecunque
831 2017 925 2052 aliam

114 2059 248 2095 fimiiem
272 2061 402 2096 metitur
428 2065 486 2104 (35.
502 2065 561 2104 74)
574 2064 828 2112 ‚consequenter
843 2068 924 2102 frac-

114 2111 161 2146 tio
184 2111 310 2159 integro
340 2114 445 2158 major
468 2126 506 2147 ex
535 2113 710 2151 istiusmodi
733 2118 897 2164 quadratis
913 2142 923 2156 ,

114 2160 206 2196 cubis
239 2161 289 2195 vel
315 2163 468 2209 potentiis
494 2163 745 2214 quibuscunque
771 2166 924 2203 fimilibus

114 2209 294 2258 composita
315 2213 355 2245 ad
380 2225 553 2250 numerum
572 2217 736 2264 integrum
769 2217 924 2254 irreduci-

112 2259 186 2297 bilis
217 2263 404 2303 (5223).

241 2332 603 2376 THEOREMA
637 2340 809 2381 LVII.

175 2429 269 2470 293.
285 2421 327 2462 Si
344 2429 487 2464 numeri
499 2429 636 2482 integri
651 2444 722 2468 non
738 2429 849 2468 datur
866 2441 927 2466 ra.

114 2480 180 2520 dix
199 2485 240 2520 in
257 2485 411 2537 integris
421 2511 433 2529 ,
455 2500 519 2525 nec
535 2488 684 2528 dabitur
692 2501 760 2543 per
761 2487 922 2541 fradi‘os,

167 2573 292 2630 Waffia'
318 2575 424 2632 Oper.
443 2577 638 2621 Mathem.
671 2580 784 2625 TQm.
803 2579 834 2620 Ι.

1106 277 1401 327 VDEMONS
1427 288 1540 316 TRA
1565 289 1689 319 TIO.

1075 338 1264 376 Ponamus
1276 335 1358 376 dari
1372 349 1567 376 numerum
1581 336 1754 385 faustum,
1769 341 1834 393 qui

1012 393 1055 434 fit
1081 393 1198 434 radix.
1232 396 1289 435 Ex
1310 395 1389 446 ejus
1410 395 1538 450 itaque
1558 396 1689 436 iterata
1709 398 1832 439 multi.

1011 453 1212 508 plicatione
1240 467 1307 507 per
1335 452 1485 508 seipsum
1521 455 1679 509 produci
1710 456 1836 514 deber¹

1013 526 1188 553 numerus
1206 512 1316 552 datus
1343 516 1394 559 (§.
1411 523 1432 556 2
1445 513 1537 567 50)
1573 514 1651 554 Sed
1671 517 1820 568 quoties

1014 585 1163 625 cunque
1175 571 1332 611 fraetum
1346 586 1411 626 per
1424 570 1575 627 seipsum
1587 574 1678 613 muli
1688 576 1708 627 *s
1724 574 1810 615 litas
1820 570 1834 589 ’

1013 630 1238 685 produt‘tum
1257 629 1401 686 semper
1417 633 1469 672 est
1488 631 1622 672 fraerus
1639 634 1701 684 (§.
1722 643 1802 683 239
1818 632 1834 686 )

1014 690 1121 744 isque
1148 690 1185 730 in
1212 688 1387 745 praesente
1409 689 1490 731 casu
1518 692 1568 731 ad
1588 693 1773 746 integrum
1793 693 1835 733 ir<

1015 748 1228 789 reducibilis
1245 748 1310 802 (§.
1335 759 1416 798 292
1435 753 1466 798 ).
1495 752 1624 806 Qare
1656 764 1741 791 cum
1772 765 1837 793 nu-

1015 822 1137 849 merus
1152 808 1259 848 datus
1277 807 1318 848 fit
1332 809 1498 863 integer,
1520 827 1565 850 ex
1583 811 1724 866 hypoth.
1742 809 1837 862 fracff

1015 880 1073 908 tus
1095 868 1172 919 ejus
1193 867 1299 908 radix
1318 865 1390 909 ess'e
1406 870 1550 924 nequit.
1576 870 1631 923 Q
1650 887 1681 911 e.
1707 872 1744 911 d.

1124 946 1745 990 COROLLARIUM.

1069 1030 1153 1060 294.
1186 1021 1261 1059 Jam
1294 1031 1370 1054 cnm
1402 1020 1532 1055 numeri
1562 1021 1657 1068 primi
1687 1021 1719 1056 in
1741 1021 1770 1056 se
1798 1034 1836 1057 ex

1016 1068 1108 1103 nullo
1139 1068 1203 1104 alio
1231 1082 1368 1105 numero
1399 1071 1432 1105 in
1466 1069 1494 1106 se
1528 1069 1703 1119 aliquoties
1733 1073 1835 1107 ducto

1017 1120 1165 1154 oriantur
1192 1122 1255 1161 (AY.
1271 1131 1314 1163 75
1332 1119 1344 1165 )
1362 1134 1371 1160 ·,
1393 1133 1430 1155 ex
1450 1122 1592 1156 numeris
1619 1122 1730 1170 primis
1753 1123 1785 1156 in
1807 1121 1837 1158 se

1016 1168 1106 1206 nulla
1131 1169 1275 1218 perfecsta
1301 1171 1392 1205 radix
1418 1171 1540 1207 extrahi
1564 1172 1666 1219 potest
1692 1173 1724 1206 in
1754 1173 1837 1207 inte-2

1017 1221 1081 1267 gris
1097 1221 1106 1262 (
1121 1222 1163 1261 9‘.
1181 1219 1297 1267 256),
1313 1222 1463 1269 adeoque
1483 1235 1544 1260 nec
1567 1235 1624 1271 per
1644 1222 1768 1259 fractos
1780 1223 1836 1259 da-

1017 1271 1043 1305 ri
1064 1271 1250 1319 potest(§·
1278 1283 1340 1313 293
1361 1270 1387 1318 ).

1133 1341 1503 1382 HYPoTHESIS
1566 1340 1697 1381 XIII.

1076 1420 1175 1465 295.
1204 1414 1390 1454 Interdum
1423 1415 1513 1454 utile
1539 1415 1585 1457 est
1605 1442 1616 1460 ,
1640 1417 1834 1456 εκῐναέῗία-

1016 1490 1096 1514 nem
1125 1475 1263 1514 radicis
1282 1486 1425 1514 tantum
1446 1475 1628 1518 indicari,
1639 1473 1835 1528 praeſsrtim

1008 1535 1046 1588 fi
1059 1533 1225 1588 perfidia
1253 1533 1379 1573 haberi
1400 1536 1538 1587 nequit.
1560 1531 1629 1584 Est
1655 1545 1774 1573 autern
1786 1534 1836 1588 si-

1010 1608 1125 1647 gnum
1145 1595 1306 1633 radicale
1319 1592 1472 1647 sequens
1493 1590 1528 1640 ss
1539 1608 1546 1631 :
1559 1596 1618 1631 cui
1641 1596 1682 1632 in
1697 1598 1838 1633 vertice

1010 1657 1184 1707 jungitur
1212 1665 1388 1707 exponens
1418 1654 1616 1706 dignitatis
1633 1680 1644 1697 ,
1663 1653 1701 1706 st
1728 1654 1834 1692 altio-

1018 1716 1072 1751 ris
1092 1714 1233 1766 gradus
1251 1740 1262 1757 ‚
1290 1727 1398 1766 quam
1417 1713 1611 1766 quadram.
1631 1712 1673 1751 E.
1692 1723 1748 1765 gr.
1775 1709 1837 1760 xl„

1018 1770 1176 1811 denotat
1201 1770 1366 1812 radicem
1400 1785 1446 1811 ex
1478 1780 1528 1814 23
1572 1770 1609 1821 <l
1640 1769 1833 1822 §denotat

1019 1829 1183 1871 radicem
1201 1830 1373 1871 cubicam
1390 1845 1438 1871 ex
1460 1841 1495 1881 ς.

1193 1901 1663 1942 SCHOLION.

1072 1975 1153 2008 296.
1171 1973 1206 2003 ln
1224 1970 1408 2004 Geometria
1430 1971 1471 2004 (φ’
1494 1970 1626 2016 Analysi
1647 1971 1834 2018 demonstra-

1017 2017 1108 2054 bitur
1121 2043 1131 2057 ‚
1158 2019 1239 2054 tales
1263 2022 1382 2054 radices
1395 2043 1405 2057 ‚
1422 2031 1487 2066 qnae
1503 2021 1574 2055 atta
1601 2023 1671 2056 dari
1696 2034 1756 2057 non
1767 2021 1830 2067 ρο]ἰ

1010 2068 1085 2112 fitnt
1102 2096 1111 2108 ‚
1140 2068 1197 2114 esse
1217 2071 1256 2104 ad
1275 2074 1431 2104 unitatem
1454 2079 1491 2104 ut
1511 2071 1625 2106 refiam
1651 2074 1768 2106 lineum
1790 2072 1832 2104 ad

1016 2119 1134 2155 restam
1151 2120 1249 2155 alitam
1260 2144 1268 2160 ,
1283 2120 1503 2167 consequenter
1518 2134 1664 2157 numeros
1681 2123 1742 2162 (ΑΥ.
1763 2132 1804 2154 10
1818 2120 1829 2161 )

1016 2182 1126 2216 eosque
1164 2171 1369 2205 irrationales
1387 2194 1396 2208 ‚
1426 2184 1495 2206 cum
1522 2184 1562 2206 ex
1596 2170 1754 2218 hypothefi
1778 2181 1831 2205 ra-

1016 2221 1149 2256 tionales
1183 2233 1243 2255 non
1269 2223 1346 2266 fint.
1383 2223 1550 2257 Dicuntur
1577 2227 1673 2266 vulgo
1706 2221 1830 2255 numeri

1015 2269 1100 2306 surdi
1119 2283 1126 2303 :
1150 2273 1294 2316 quamvis
1316 2271 1391 2307 olim
1416 2271 1509 2316 lmjns
1531 2275 1617 2307 vocis
1632 2269 1830 2318 significatus

1008 2320 1154 2361 ,[Ζνὶἑῖἱον
1176 2322 1286 2366 fuerit
1314 2320 1376 2366 (b).
1405 2324 1449 2357 Et
1482 2322 1555 2357 olim
1572 2349 1580 2361 ,
1610 2324 1651 2357 ΕΤ
1675 2333 1754 2356 nunc
1782 2322 1829 2356 in-

1015 2373 1139 2408 terdum
1161 2371 1314 2407 radicales
1340 2373 1515 2420 nuncupari
1531 2372 1720 2416 sueverunt.

1383 2455 1416 2492 K
1574 2449 1825 2507 ,CAPUT

1053 2534 1109 2595 (t)
1138 2558 1207 2589 Vid.
1235 2535 1359 2597 Stifhlius
1380 2558 1410 2590 in
1441 2555 1570 2589 Arithm.
1592 2554 1707 2593 integra
1727 2549 1781 2583 lib.
1806 2556 1822 2578 z

1014 2607 1041 2629 c.
1063 2604 1106 2629 12·
1123 2607 1152 2640 p.
1176 2603 1241 2636 134.
