<?xml version="1.0" encoding="UTF-8"?>
<!DOCTYPE html PUBLIC "-//W3C//DTD XHTML 1.0 Transitional//EN"
    "http://www.w3.org/TR/xhtml1/DTD/xhtml1-transitional.dtd">
<html xmlns="http://www.w3.org/1999/xhtml" xml:lang="en" lang="en">
 <head>
  <title>
</title>
<meta http-equiv="Content-Type" content="text/html;charset=utf-8" />
  <meta name='ocr-system' content='tesseract 3.04.00' />
  <meta name='ocr-capabilities' content='ocr_page ocr_carea ocr_par ocr_line ocrx_word'/>
</head>
<body>
  <div class='ocr_page' id='page_1' title='image "./elementamatheseo01wolf_0030.png"; bbox 0 0 2101 2869; ppageno 0'>
   <div class='ocr_carea' id='block_1_1' title="bbox 227 182 1541 241">
    <p class='ocr_par' dir='ltr' id='par_1_1' title="bbox 227 182 1541 241">
     <span class='ocr_line' id='line_1_1' title="bbox 227 182 1541 241; baseline -0.002 -6"><span class='ocrx_word' id='word_1_1' title='bbox 227 198 256 235; x_wconf 84' lang='lat'><em>2</em></span> <span class='ocrx_word' id='word_1_2' title='bbox 607 182 1541 241; x_wconf 62' lang='lat' dir='ltr'><em>PRAEFATIO,</em></span> 
     </span>
    </p>
   </div>
   <div class='ocr_carea' id='block_1_2' title="bbox 234 295 1969 372">
    <p class='ocr_par' dir='ltr' id='par_1_2' title="bbox 234 295 1969 372">
     <span class='ocr_line' id='line_1_2' title="bbox 234 295 1969 372; baseline -0.001 -23"><span class='ocrx_word' id='word_1_3' title='bbox 234 295 386 349; x_wconf 84' lang='lat' dir='ltr'>ticum</span> <span class='ocrx_word' id='word_1_4' title='bbox 454 314 701 369; x_wconf 68' lang='lat' dir='ltr'>tantopere</span> <span class='ocrx_word' id='word_1_5' title='bbox 751 298 1100 350; x_wconf 72' lang='lat' dir='ltr'>commendant</span> <span class='ocrx_word' id='word_1_6' title='bbox 1154 297 1238 350; x_wconf 79' lang='lat' dir='ltr'>viri</span> <span class='ocrx_word' id='word_1_7' title='bbox 1297 295 1432 349; x_wconf 68' lang='lat' dir='ltr'>doeti</span> <span class='ocrx_word' id='word_1_8' title='bbox 1489 317 1543 350; x_wconf 82' lang='lat' dir='ltr'>ac</span> <span class='ocrx_word' id='word_1_9' title='bbox 1594 295 1911 372; x_wconf 76' lang='lat' dir='ltr'><strong>intelligentes</strong></span> <span class='ocrx_word' id='word_1_10' title='bbox 1948 338 1969 357; x_wconf 82' lang='lat'>,.</span> 
     </span>
    </p>
   </div>
   <div class='ocr_carea' id='block_1_3' title="bbox 235 373 1965 524">
    <p class='ocr_par' dir='ltr' id='par_1_3' title="bbox 235 373 1965 524">
     <span class='ocr_line' id='line_1_3' title="bbox 235 373 1961 446; baseline 0.002 -20"><span class='ocrx_word' id='word_1_11' title='bbox 235 388 361 446; x_wconf 86' lang='lat' dir='ltr'>quos</span> <span class='ocrx_word' id='word_1_12' title='bbox 402 373 1029 442; x_wconf 53' lang='lat' dir='ltr'>inte1·(az)Looi&lt;1UM‚</span> <span class='ocrx_word' id='word_1_13' title='bbox 1076 373 1158 441; x_wconf 60' lang='grc' dir='ltr'>(ὦ)</span> <span class='ocrx_word' id='word_1_14' title='bbox 1203 379 1961 445; x_wconf 70' lang='lat' dir='ltr'>MALEBRANCHIUM‚(C)</span> 
     </span>
     <span class='ocr_line' id='line_1_4' title="bbox 236 450 1965 524; baseline 0 -20"><span class='ocrx_word' id='word_1_15' title='bbox 236 454 311 504; x_wconf 88' lang='lat' dir='ltr'>Ts</span> <span class='ocrx_word' id='word_1_16' title='bbox 327 472 355 503; x_wconf 87' lang='lat' dir='ltr'>o</span> <span class='ocrx_word' id='word_1_17' title='bbox 374 469 438 503; x_wconf 74' lang='lat' dir='ltr'>HI</span> <span class='ocrx_word' id='word_1_18' title='bbox 457 473 487 503; x_wconf 76' lang='lat' dir='ltr'>R</span> <span class='ocrx_word' id='word_1_19' title='bbox 507 474 540 503; x_wconf 89' lang='lat' dir='ltr'>N</span> <span class='ocrx_word' id='word_1_20' title='bbox 561 473 594 503; x_wconf 80' lang='lat' dir='ltr'>H</span> <span class='ocrx_word' id='word_1_21' title='bbox 609 474 634 504; x_wconf 76' lang='grc' dir='ltr'>Α</span> <span class='ocrx_word' id='word_1_22' title='bbox 648 469 685 505; x_wconf 84' lang='lat' dir='ltr'>U</span> <span class='ocrx_word' id='word_1_23' title='bbox 701 469 748 503; x_wconf 78' lang='lat' dir='ltr'>sl</span> <span class='ocrx_word' id='word_1_24' title='bbox 770 469 807 504; x_wconf 82' lang='lat' dir='ltr'><strong>U</strong></span> <span class='ocrx_word' id='word_1_25' title='bbox 830 474 868 503; x_wconf 84' lang='lat' dir='ltr'>M</span> <span class='ocrx_word' id='word_1_26' title='bbox 894 450 1155 504; x_wconf 77' lang='lat' dir='ltr'>nominasse</span> <span class='ocrx_word' id='word_1_27' title='bbox 1176 451 1395 509; x_wconf 66' lang='lat' dir='ltr'>sufficiat,</span> <span class='ocrx_word' id='word_1_28' title='bbox 1439 471 1651 524; x_wconf 86' lang='lat' dir='ltr'>quorum</span> <span class='ocrx_word' id='word_1_29' title='bbox 1679 452 1727 504; x_wconf 90' lang='lat' dir='ltr'>in</span> <span class='ocrx_word' id='word_1_30' title='bbox 1749 451 1965 505; x_wconf 86' lang='lat' dir='ltr'>Philoso-</span> 
     </span>
    </p>
   </div>
   <div class='ocr_carea' id='block_1_4' title="bbox 237 526 1971 613">
    <p class='ocr_par' dir='ltr' id='par_1_4' title="bbox 237 526 1971 613">
     <span class='ocr_line' id='line_1_5' title="bbox 237 526 1971 613; baseline 0.001 -34"><span class='ocrx_word' id='word_1_31' title='bbox 237 526 347 613; x_wconf 84' lang='lat' dir='ltr'>phia</span> <span class='ocrx_word' id='word_1_32' title='bbox 387 527 605 581; x_wconf 83' lang='lat' dir='ltr'>rationali</span> <span class='ocrx_word' id='word_1_33' title='bbox 642 527 913 580; x_wconf 75' lang='lat' dir='ltr'>illustranda</span> <span class='ocrx_word' id='word_1_34' title='bbox 955 527 1140 581; x_wconf 69' lang='lat' dir='ltr'>solertil</span> <span class='ocrx_word' id='word_1_35' title='bbox 1185 528 1314 581; x_wconf 86' lang='lat' dir='ltr'>haud</span> <span class='ocrx_word' id='word_1_36' title='bbox 1362 548 1629 598; x_wconf 76' lang='lat' dir='ltr'>paucomm</span> <span class='ocrx_word' id='word_1_37' title='bbox 1679 529 1971 600; x_wconf 86' lang='lat' dir='ltr'>opinionem.</span> 
     </span>
    </p>
   </div>
   <div class='ocr_carea' id='block_1_5' title="bbox 237 603 1966 756">
    <p class='ocr_par' dir='ltr' id='par_1_5' title="bbox 237 603 1966 756">
     <span class='ocr_line' id='line_1_6' title="bbox 237 603 1966 679; baseline 0 -21"><span class='ocrx_word' id='word_1_38' title='bbox 237 603 364 658; x_wconf 83' lang='lat' dir='ltr'>vicit.</span> <span class='ocrx_word' id='word_1_39' title='bbox 408 609 546 657; x_wconf 85' lang='lat' dir='ltr'>Hanc</span> <span class='ocrx_word' id='word_1_40' title='bbox 585 606 727 679; x_wconf 83' lang='lat' dir='ltr'>igitur</span> <span class='ocrx_word' id='word_1_41' title='bbox 755 605 815 657; x_wconf 82' lang='lat' dir='ltr'>de</span> <span class='ocrx_word' id='word_1_42' title='bbox 847 604 1088 657; x_wconf 80' lang='lat' dir='ltr'>methodo</span> <span class='ocrx_word' id='word_1_43' title='bbox 1119 604 1460 658; x_wconf 83' lang='lat' dir='ltr'>mathematica</span> <span class='ocrx_word' id='word_1_44' title='bbox 1494 607 1966 659; x_wconf 79' lang='lat' dir='ltr'>commentationem</span> 
     </span>
     <span class='ocr_line' id='line_1_7' title="bbox 239 680 1965 756; baseline -0.001 -21"><span class='ocrx_word' id='word_1_45' title='bbox 239 680 374 735; x_wconf 87' lang='lat' dir='ltr'>mole</span> <span class='ocrx_word' id='word_1_46' title='bbox 401 681 657 755; x_wconf 82' lang='lat' dir='ltr'>exiguam,</span> <span class='ocrx_word' id='word_1_47' title='bbox 705 682 780 735; x_wconf 89' lang='lat' dir='ltr'>sed</span> <span class='ocrx_word' id='word_1_48' title='bbox 821 701 980 735; x_wconf 87' lang='lat' dir='ltr'>rerum</span> <span class='ocrx_word' id='word_1_49' title='bbox 1008 680 1223 735; x_wconf 83' lang='lat' dir='ltr'>ubertate</span> <span class='ocrx_word' id='word_1_50' title='bbox 1251 701 1448 756; x_wconf 82' lang='lat' dir='ltr'>gravem</span> <span class='ocrx_word' id='word_1_51' title='bbox 1485 683 1739 736; x_wconf 78' lang='lat' dir='ltr'>Elementis</span> <span class='ocrx_word' id='word_1_52' title='bbox 1776 681 1965 737; x_wconf 89' lang='lat' dir='ltr'>Mathe-</span> 
     </span>
    </p>
   </div>
   <div class='ocr_carea' id='block_1_6' title="bbox 238 758 1970 831">
    <p class='ocr_par' dir='ltr' id='par_1_6' title="bbox 238 758 1970 831">
     <span class='ocr_line' id='line_1_8' title="bbox 238 758 1970 831; baseline 0.001 -21"><span class='ocrx_word' id='word_1_53' title='bbox 238 758 339 811; x_wconf 88' lang='lat' dir='ltr'>seos</span> <span class='ocrx_word' id='word_1_54' title='bbox 381 758 603 814; x_wconf 77' lang='lat' dir='ltr'>universae</span> <span class='ocrx_word' id='word_1_55' title='bbox 638 758 833 831; x_wconf 83' lang='lat' dir='ltr'>praemifi</span> <span class='ocrx_word' id='word_1_56' title='bbox 864 798 875 816; x_wconf 89' lang='lat'>‚</span> <span class='ocrx_word' id='word_1_57' title='bbox 930 779 989 812; x_wconf 87' lang='lat' dir='ltr'>ne</span> <span class='ocrx_word' id='word_1_58' title='bbox 1018 759 1066 810; x_wconf 90' lang='lat' dir='ltr'>in</span> <span class='ocrx_word' id='word_1_59' title='bbox 1101 759 1153 811; x_wconf 80' lang='lat' dir='ltr'>iis</span> <span class='ocrx_word' id='word_1_60' title='bbox 1186 759 1429 812; x_wconf 84' lang='lat' dir='ltr'>defiderari</span> <span class='ocrx_word' id='word_1_61' title='bbox 1473 778 1653 831; x_wconf 85' lang='lat' dir='ltr'>paterer</span> <span class='ocrx_word' id='word_1_62' title='bbox 1689 759 1970 814; x_wconf 84' lang='lat' dir='ltr'>industriam.</span> 
     </span>
    </p>
   </div>
   <div class='ocr_carea' id='block_1_7' title="bbox 238 834 1969 1510">
    <p class='ocr_par' dir='ltr' id='par_1_7' title="bbox 238 834 1969 1510">
     <span class='ocr_line' id='line_1_9' title="bbox 238 834 1966 910; baseline 0.001 -22"><span class='ocrx_word' id='word_1_63' title='bbox 238 851 405 889; x_wconf 84' lang='lat' dir='ltr'>meam</span> <span class='ocrx_word' id='word_1_64' title='bbox 424 874 436 893; x_wconf 85' lang='lat'>‚</span> <span class='ocrx_word' id='word_1_65' title='bbox 480 856 697 909; x_wconf 87' lang='lat' dir='ltr'>quorum</span> <span class='ocrx_word' id='word_1_66' title='bbox 727 835 788 890; x_wconf 88' lang='lat' dir='ltr'>ad</span> <span class='ocrx_word' id='word_1_67' title='bbox 826 841 957 889; x_wconf 62' lang='lat' dir='ltr'>reete</span> <span class='ocrx_word' id='word_1_68' title='bbox 992 834 1433 908; x_wconf 83' lang='lat' dir='ltr'>philosophandum</span> <span class='ocrx_word' id='word_1_69' title='bbox 1461 857 1611 910; x_wconf 89' lang='lat' dir='ltr'>quam</span> <span class='ocrx_word' id='word_1_70' title='bbox 1640 838 1849 891; x_wconf 83' lang='lat' dir='ltr'>maxime</span> <span class='ocrx_word' id='word_1_71' title='bbox 1886 856 1966 889; x_wconf 89' lang='lat' dir='ltr'>ne-</span> 
     </span>
     <span class='ocr_line' id='line_1_10' title="bbox 240 911 1969 988; baseline 0.002 -23"><span class='ocrx_word' id='word_1_72' title='bbox 240 911 420 966; x_wconf 79' lang='lat' dir='ltr'>ceffaria</span> <span class='ocrx_word' id='word_1_73' title='bbox 458 915 521 967; x_wconf 88' lang='lat' dir='ltr'>est</span> <span class='ocrx_word' id='word_1_74' title='bbox 561 913 814 988; x_wconf 81' lang='lat' dir='ltr'>cognitio:</span> <span class='ocrx_word' id='word_1_75' title='bbox 853 912 944 982; x_wconf 82' lang='lat' dir='ltr'>(d)</span> <span class='ocrx_word' id='word_1_76' title='bbox 976 912 1188 985; x_wconf 80' lang='lat' dir='ltr'>inprimis</span> <span class='ocrx_word' id='word_1_77' title='bbox 1228 933 1343 966; x_wconf 90' lang='lat' dir='ltr'>cum</span> <span class='ocrx_word' id='word_1_78' title='bbox 1377 914 1573 988; x_wconf 79' lang='lat' dir='ltr'>exiguus</span> <span class='ocrx_word' id='word_1_79' title='bbox 1605 914 1881 967; x_wconf 83' lang='lat' dir='ltr'>admodum</span> <span class='ocrx_word' id='word_1_80' title='bbox 1910 916 1969 969; x_wconf 78' lang='lat' dir='ltr'>sit</span> 
     </span>
     <span class='ocr_line' id='line_1_11' title="bbox 241 989 1969 1063; baseline 0 -19"><span class='ocrx_word' id='word_1_81' title='bbox 241 1009 415 1044; x_wconf 84' lang='lat' dir='ltr'>corum</span> <span class='ocrx_word' id='word_1_82' title='bbox 435 1011 686 1049; x_wconf 82' lang='lat' dir='ltr'>numerus,</span> <span class='ocrx_word' id='word_1_83' title='bbox 717 989 893 1063; x_wconf 84' lang='lat' dir='ltr'>quibus</span> <span class='ocrx_word' id='word_1_84' title='bbox 922 991 1146 1044; x_wconf 84' lang='lat' dir='ltr'>interiora</span> <span class='ocrx_word' id='word_1_85' title='bbox 1165 991 1387 1044; x_wconf 87' lang='lat' dir='ltr'>methodi</span> <span class='ocrx_word' id='word_1_86' title='bbox 1419 995 1523 1044; x_wconf 89' lang='lat' dir='ltr'>sunt</span> <span class='ocrx_word' id='word_1_87' title='bbox 1548 995 1784 1063; x_wconf 66' lang='lat' dir='ltr'>perspecsta</span> <span class='ocrx_word' id='word_1_88' title='bbox 1801 1013 1816 1051; x_wconf 84' lang='lat'>‚·</span> <span class='ocrx_word' id='word_1_89' title='bbox 1839 992 1969 1046; x_wconf 89' lang='lat' dir='ltr'>mul-</span> 
     </span>
     <span class='ocr_line' id='line_1_12' title="bbox 239 1066 1966 1141; baseline 0.001 -19"><span class='ocrx_word' id='word_1_90' title='bbox 239 1085 296 1122; x_wconf 75' lang='lat' dir='ltr'>to</span> <span class='ocrx_word' id='word_1_91' title='bbox 335 1067 499 1121; x_wconf 88' lang='lat' dir='ltr'>minor</span> <span class='ocrx_word' id='word_1_92' title='bbox 539 1087 704 1123; x_wconf 83' lang='lat' dir='ltr'>autem</span> <span class='ocrx_word' id='word_1_93' title='bbox 728 1066 925 1121; x_wconf 89' lang='lat' dir='ltr'>illorum</span> <span class='ocrx_word' id='word_1_94' title='bbox 946 1107 956 1125; x_wconf 81' lang='grc'>,</span> <span class='ocrx_word' id='word_1_95' title='bbox 986 1067 1070 1141; x_wconf 91' lang='lat' dir='ltr'>qui</span> <span class='ocrx_word' id='word_1_96' title='bbox 1104 1068 1347 1121; x_wconf 90' lang='lat' dir='ltr'>methodo</span> <span class='ocrx_word' id='word_1_97' title='bbox 1377 1068 1715 1122; x_wconf 80' lang='lat' dir='ltr'>mathematica</span> <span class='ocrx_word' id='word_1_98' title='bbox 1741 1088 1966 1141; x_wconf 83' lang='lat' dir='ltr'>prompte</span> 
     </span>
     <span class='ocr_line' id='line_1_13' title="bbox 242 1144 1965 1220; baseline -0.001 -21"><span class='ocrx_word' id='word_1_99' title='bbox 242 1162 454 1199; x_wconf 88' lang='lat' dir='ltr'>utuntur.</span> <span class='ocrx_word' id='word_1_100' title='bbox 538 1150 780 1200; x_wconf 86' lang='lat' dir='ltr'>Caeterum</span> <span class='ocrx_word' id='word_1_101' title='bbox 818 1144 916 1199; x_wconf 81' lang='lat' dir='ltr'>haec</span> <span class='ocrx_word' id='word_1_102' title='bbox 944 1145 1302 1199; x_wconf 85' lang='lat' dir='ltr'>commentatio</span> <span class='ocrx_word' id='word_1_103' title='bbox 1357 1147 1416 1199; x_wconf 89' lang='lat' dir='ltr'>de</span> <span class='ocrx_word' id='word_1_104' title='bbox 1462 1144 1707 1198; x_wconf 89' lang='lat' dir='ltr'>methodo</span> <span class='ocrx_word' id='word_1_105' title='bbox 1745 1146 1965 1220; x_wconf 81' lang='lat' dir='ltr'>fingulari</span> 
     </span>
     <span class='ocr_line' id='line_1_14' title="bbox 242 1222 1968 1297; baseline 0 -21"><span class='ocrx_word' id='word_1_106' title='bbox 242 1243 359 1276; x_wconf 86' lang='lat' dir='ltr'>cum</span> <span class='ocrx_word' id='word_1_107' title='bbox 389 1224 654 1276; x_wconf 83' lang='lat' dir='ltr'>attentione</span> <span class='ocrx_word' id='word_1_108' title='bbox 683 1222 993 1297; x_wconf 82' lang='lat' dir='ltr'>perlegenda,</span> <span class='ocrx_word' id='word_1_109' title='bbox 1028 1226 1110 1279; x_wconf 67' lang='grc' dir='ltr'>ὃς,</span> <span class='ocrx_word' id='word_1_110' title='bbox 1144 1222 1229 1275; x_wconf 89' lang='lat' dir='ltr'>ubi</span> <span class='ocrx_word' id='word_1_111' title='bbox 1252 1223 1575 1277; x_wconf 78' lang='lat' dir='ltr'>Arithmeticae</span> <span class='ocrx_word' id='word_1_112' title='bbox 1603 1242 1656 1275; x_wconf 88' lang='lat' dir='ltr'>ac</span> <span class='ocrx_word' id='word_1_113' title='bbox 1679 1223 1968 1277; x_wconf 81' lang='lat' dir='ltr'>Geometriae</span> 
     </span>
     <span class='ocr_line' id='line_1_15' title="bbox 243 1298 1966 1373; baseline 0 -20"><span class='ocrx_word' id='word_1_114' title='bbox 243 1299 484 1353; x_wconf 87' lang='lat' dir='ltr'>elementa</span> <span class='ocrx_word' id='word_1_115' title='bbox 517 1300 808 1355; x_wconf 84' lang='lat' dir='ltr'>evolvuntur</span> <span class='ocrx_word' id='word_1_116' title='bbox 829 1340 840 1357; x_wconf 91' lang='lat'>‚</span> <span class='ocrx_word' id='word_1_117' title='bbox 873 1318 1102 1372; x_wconf 79' lang='lat' dir='ltr'>praecepta</span> <span class='ocrx_word' id='word_1_118' title='bbox 1130 1299 1354 1353; x_wconf 87' lang='lat' dir='ltr'>methodi</span> <span class='ocrx_word' id='word_1_119' title='bbox 1398 1302 1505 1353; x_wconf 90' lang='lat' dir='ltr'>sunt</span> <span class='ocrx_word' id='word_1_120' title='bbox 1535 1298 1784 1373; x_wconf 78' lang='lat' dir='ltr'>relegenda</span> <span class='ocrx_word' id='word_1_121' title='bbox 1804 1340 1815 1357; x_wconf 89' lang='lat'>‚</span> <span class='ocrx_word' id='word_1_122' title='bbox 1848 1311 1966 1353; x_wconf 88' lang='lat' dir='ltr'>&#39;turn</span> 
     </span>
     <span class='ocr_line' id='line_1_16' title="bbox 244 1374 1968 1451; baseline 0 -21"><span class='ocrx_word' id='word_1_123' title='bbox 244 1394 301 1430; x_wconf 76' lang='lat' dir='ltr'>ut</span> <span class='ocrx_word' id='word_1_124' title='bbox 337 1377 524 1449; x_wconf 88' lang='lat' dir='ltr'>penitus</span> <span class='ocrx_word' id='word_1_125' title='bbox 546 1374 918 1451; x_wconf 77' lang='lat' dir='ltr'>intelligantur,</span> <span class='ocrx_word' id='word_1_126' title='bbox 950 1395 1058 1430; x_wconf 89' lang='lat' dir='ltr'>tum</span> <span class='ocrx_word' id='word_1_127' title='bbox 1086 1394 1140 1430; x_wconf 88' lang='lat' dir='ltr'>ut</span> <span class='ocrx_word' id='word_1_128' title='bbox 1170 1395 1389 1449; x_wconf 81' lang='lat' dir='ltr'>appareat</span> <span class='ocrx_word' id='word_1_129' title='bbox 1408 1418 1421 1436; x_wconf 88' lang='lat'>,</span> <span class='ocrx_word' id='word_1_130' title='bbox 1456 1377 1718 1449; x_wconf 89' lang='lat' dir='ltr'>quomodo</span> <span class='ocrx_word' id='word_1_131' title='bbox 1757 1377 1814 1429; x_wconf 89' lang='lat' dir='ltr'>iis</span> <span class='ocrx_word' id='word_1_132' title='bbox 1846 1375 1968 1430; x_wconf 81' lang='lat' dir='ltr'>satis-</span> 
     </span>
     <span class='ocr_line' id='line_1_17' title="bbox 244 1453 1967 1510; baseline 0 -4"><span class='ocrx_word' id='word_1_133' title='bbox 244 1453 337 1508; x_wconf 86' lang='lat' dir='ltr'>fiat.</span> <span class='ocrx_word' id='word_1_134' title='bbox 420 1460 492 1508; x_wconf 88' lang='lat' dir='ltr'>Ita</span> <span class='ocrx_word' id='word_1_135' title='bbox 531 1454 736 1509; x_wconf 86' lang='lat' dir='ltr'>demum</span> <span class='ocrx_word' id='word_1_136' title='bbox 769 1455 1043 1509; x_wconf 72' lang='lat' dir='ltr'>Mathesseos</span> <span class='ocrx_word' id='word_1_137' title='bbox 1080 1454 1291 1508; x_wconf 88' lang='lat' dir='ltr'>studium</span> <span class='ocrx_word' id='word_1_138' title='bbox 1332 1474 1439 1510; x_wconf 88' lang='lat' dir='ltr'>vere</span> <span class='ocrx_word' id='word_1_139' title='bbox 1485 1471 1623 1506; x_wconf 88' lang='lat' dir='ltr'>acuet</span> <span class='ocrx_word' id='word_1_140' title='bbox 1651 1453 1967 1507; x_wconf 70' lang='lat' dir='ltr'>intellestum.</span> 
     </span>
    </p>
   </div>
   <div class='ocr_carea' id='block_1_8' title="bbox 241 1683 1968 1786">
    <p class='ocr_par' dir='ltr' id='par_1_8' title="bbox 249 1683 1968 1779">
     <span class='ocr_line' id='line_1_18' title="bbox 299 1683 1968 1736; baseline 0.001 -16"><span class='ocrx_word' id='word_1_141' title='bbox 299 1685 354 1729; x_wconf 87' lang='lat' dir='ltr'>(a)</span> <span class='ocrx_word' id='word_1_142' title='bbox 387 1689 427 1720; x_wconf 87' lang='lat' dir='ltr'>In</span> <span class='ocrx_word' id='word_1_143' title='bbox 463 1686 619 1721; x_wconf 58' lang='lat' dir='ltr'>’fractam</span> <span class='ocrx_word' id='word_1_144' title='bbox 651 1688 693 1724; x_wconf 87' lang='lat' dir='ltr'>de</span> <span class='ocrx_word' id='word_1_145' title='bbox 721 1688 902 1724; x_wconf 65' lang='lat' dir='ltr'>discetione</span> <span class='ocrx_word' id='word_1_146' title='bbox 927 1688 1049 1736; x_wconf 82' lang='lat' dir='ltr'>ingenii</span> <span class='ocrx_word' id='word_1_147' title='bbox 1079 1685 1161 1733; x_wconf 85' lang='lat' dir='ltr'>(qui</span> <span class='ocrx_word' id='word_1_148' title='bbox 1185 1688 1267 1725; x_wconf 85' lang='lat' dir='ltr'>inter</span> <span class='ocrx_word' id='word_1_149' title='bbox 1302 1699 1401 1735; x_wconf 83' lang='lat' dir='ltr'>opera</span> <span class='ocrx_word' id='word_1_150' title='bbox 1431 1686 1605 1734; x_wconf 78' lang='lat' dir='ltr'>posthuma</span> <span class='ocrx_word' id='word_1_151' title='bbox 1637 1684 1793 1722; x_wconf 85' lang='lat' dir='ltr'>idiomate</span> <span class='ocrx_word' id='word_1_152' title='bbox 1828 1683 1968 1735; x_wconf 78' lang='lat' dir='ltr'>Anglico</span> 
     </span>
     <span class='ocr_line' id='line_1_19' title="bbox 241 1736 984 1786; baseline 0 -14"><span class='ocrx_word' id='word_1_153' title='bbox 241 1736 391 1772; x_wconf 78' lang='lat' dir='ltr'>Londini</span> <span class='ocrx_word' id='word_1_154' title='bbox 418 1743 522 1775; x_wconf 86' lang='lat'>1706.</span> <span class='ocrx_word' id='word_1_155' title='bbox 550 1738 635 1772; x_wconf 79' lang='lat' dir='ltr'>edita</span> <span class='ocrx_word' id='word_1_156' title='bbox 664 1736 881 1786; x_wconf 81' lang='lat' dir='ltr'>habetupr)</span> <span class='ocrx_word' id='word_1_157' title='bbox 862 1751 894 1786; x_wconf 87' lang='lat' dir='ltr'>p.</span> <span class='ocrx_word' id='word_1_158' title='bbox 928 1750 984 1779; x_wconf 83' lang='lat'>30.</span> 
     </span>
    </p>
   </div>
   <div class='ocr_carea' id='block_1_9' title="bbox 303 1785 1972 1885">
    <p class='ocr_par' dir='ltr' id='par_1_9' title="bbox 303 1785 1972 1885">
     <span class='ocr_line' id='line_1_20' title="bbox 303 1785 1200 1833; baseline 0.002 -12"><span class='ocrx_word' id='word_1_159' title='bbox 303 1785 364 1832; x_wconf 89' lang='lat' dir='ltr'>(b)</span> <span class='ocrx_word' id='word_1_160' title='bbox 389 1788 443 1820; x_wconf 91' lang='lat' dir='ltr'>De</span> <span class='ocrx_word' id='word_1_161' title='bbox 469 1787 660 1833; x_wconf 79' lang='lat' dir='ltr'>inquirenda</span> <span class='ocrx_word' id='word_1_162' title='bbox 689 1788 822 1823; x_wconf 86' lang='lat' dir='ltr'>veritate</span> <span class='ocrx_word' id='word_1_163' title='bbox 850 1788 907 1822; x_wconf 88' lang='lat' dir='ltr'>lib.</span> <span class='ocrx_word' id='word_1_164' title='bbox 930 1795 963 1823; x_wconf 86' lang='lat'>6.</span> <span class='ocrx_word' id='word_1_165' title='bbox 987 1801 1015 1822; x_wconf 89' lang='lat' dir='ltr'>c.</span> <span class='ocrx_word' id='word_1_166' title='bbox 1040 1791 1073 1824; x_wconf 82' lang='lat'>6.</span> <span class='ocrx_word' id='word_1_167' title='bbox 1102 1792 1136 1823; x_wconf 88' lang='lat'>&amp;</span> <span class='ocrx_word' id='word_1_168' title='bbox 1164 1800 1200 1823; x_wconf 88' lang='lat'>7.</span> 
     </span>
     <span class='ocr_line' id='line_1_21' title="bbox 305 1835 1972 1885; baseline 0.002 -13"><span class='ocrx_word' id='word_1_169' title='bbox 305 1838 359 1880; x_wconf 83' lang='lat' dir='ltr'>(c)</span> <span class='ocrx_word' id='word_1_170' title='bbox 389 1840 426 1872; x_wconf 85' lang='lat' dir='ltr'>In</span> <span class='ocrx_word' id='word_1_171' title='bbox 449 1835 692 1873; x_wconf 58' lang='lat' dir='ltr'>introductione</span> <span class='ocrx_word' id='word_1_172' title='bbox 725 1840 767 1874; x_wconf 84' lang='lat' dir='ltr'>ad</span> <span class='ocrx_word' id='word_1_173' title='bbox 805 1839 967 1874; x_wconf 82' lang='lat' dir='ltr'>Mathesm</span> <span class='ocrx_word' id='word_1_174' title='bbox 1008 1842 1042 1874; x_wconf 68' lang='grc' dir='ltr'>ἃς</span> <span class='ocrx_word' id='word_1_175' title='bbox 1081 1837 1249 1885; x_wconf 83' lang='lat' dir='ltr'>Phyficam</span> <span class='ocrx_word' id='word_1_176' title='bbox 1273 1837 1466 1873; x_wconf 75' lang='lat' dir='ltr'>Germanice</span> <span class='ocrx_word' id='word_1_177' title='bbox 1495 1835 1675 1883; x_wconf 81' lang='lat' dir='ltr'>conscripta</span> <span class='ocrx_word' id='word_1_178' title='bbox 1712 1847 1747 1883; x_wconf 88' lang='lat' dir='ltr'>p.</span> <span class='ocrx_word' id='word_1_179' title='bbox 1770 1848 1814 1875; x_wconf 89' lang='lat' dir='ltr'>m.</span> <span class='ocrx_word' id='word_1_180' title='bbox 1846 1848 1904 1881; x_wconf 74' lang='lat'>17.</span> <span class='ocrx_word' id='word_1_181' title='bbox 1935 1839 1972 1874; x_wconf 70' lang='grc' dir='ltr'>δί</span> 
     </span>
    </p>
   </div>
   <div class='ocr_carea' id='block_1_10' title="bbox 254 1885 1792 1988">
    <p class='ocr_par' dir='ltr' id='par_1_10' title="bbox 254 1885 1792 1988">
     <span class='ocr_line' id='line_1_22' title="bbox 254 1885 1792 1988; baseline -0.001 -14"><span class='ocrx_word' id='word_1_182' title='bbox 254 1885 374 1983; x_wconf 47' lang='lat' dir='ltr'>saled)</span> <span class='ocrx_word' id='word_1_183' title='bbox 400 1937 546 1976; x_wconf 75' lang='lat' dir='ltr'>Uberius</span> <span class='ocrx_word' id='word_1_184' title='bbox 565 1938 631 1976; x_wconf 83' lang='lat' dir='ltr'>huc</span> <span class='ocrx_word' id='word_1_185' title='bbox 655 1936 829 1988; x_wconf 69' lang='lat' dir='ltr'>spectantia</span> <span class='ocrx_word' id='word_1_186' title='bbox 855 1937 1057 1986; x_wconf 78' lang='lat' dir='ltr'>exposuimus</span> <span class='ocrx_word' id='word_1_187' title='bbox 1082 1940 1117 1976; x_wconf 86' lang='lat' dir='ltr'>in</span> <span class='ocrx_word' id='word_1_188' title='bbox 1142 1939 1279 1988; x_wconf 76' lang='lat' dir='ltr'>Logica.</span> <span class='ocrx_word' id='word_1_189' title='bbox 1295 1936 1348 1975; x_wconf 82' lang='lat' dir='ltr'>seu</span> <span class='ocrx_word' id='word_1_190' title='bbox 1377 1934 1586 1986; x_wconf 78' lang='lat' dir='ltr'>Philosophia</span> <span class='ocrx_word' id='word_1_191' title='bbox 1613 1933 1792 1978; x_wconf 75' lang='lat' dir='ltr'>rationali</span> 
     </span>
    </p>
   </div>
   <div class='ocr_carea' id='block_1_11' title="bbox 1702 2550 1988 2639">
    <p class='ocr_par' dir='ltr' id='par_1_11' title="bbox 1702 2550 1988 2639">
     <span class='ocr_line' id='line_1_23' title="bbox 1702 2550 1988 2639; baseline 0.017 -33"><span class='ocrx_word' id='word_1_192' title='bbox 1702 2634 1704 2639; x_wconf 23' lang='grc' dir='ltr'>Ι</span> <span class='ocrx_word' id='word_1_193' title='bbox 1769 2550 1988 2611; x_wconf 73' lang='lat' dir='ltr'>CON-ss-</span> 
     </span>
    </p>
   </div>
   <div class='ocr_carea' id='block_1_12' title="bbox 2088 1784 2092 1859">
    <p class='ocr_par' dir='ltr' id='par_1_12' title="bbox 2088 1784 2092 1859">
     <span class='ocr_line' id='line_1_24' title="bbox 2088 1784 2092 1859; baseline 0 0"><span class='ocrx_word' id='word_1_194' title='bbox 2088 1784 2092 1859; x_wconf 84' lang='grc' dir='ltr'>Ι</span> 
     </span>
    </p>
   </div>
   <div class='ocr_carea' id='block_1_13' title="bbox 2088 1862 2101 2020">
    <p class='ocr_par' dir='ltr' id='par_1_13' title="bbox 2088 1862 2101 2020">
     <span class='ocr_line' id='line_1_25' title="bbox 2088 1862 2101 2020; baseline 0 0"><span class='ocrx_word' id='word_1_195' title='bbox 2088 1862 2101 2020; x_wconf 70' lang='grc'><strong>1</strong></span> 
     </span>
    </p>
   </div>
  </div>
 </body>
</html>
