2101 2869
924 164 1062 235 [97]

124 428 274 512 ΕΙ,
313 399 906 514 EMENTA
1016 426 1856 514 GEOMETRIAE-

657 592 690 641 P
727 589 769 641 A
816 590 861 641 R
890 589 922 639 S
1000 591 1034 640 P
1066 592 1110 642 R
1138 590 1234 642 10
1267 593 1312 643 R

227 710 616 757 ELEMENTA
669 713 1109 763 GEOMETRIAE
1152 713 1410 759 PLANAE
1458 715 1766 761 EXHIBET,

760 828 1110 880 CAPUT
1188 830 1223 881 Ι.

636 952 720 1006 De
760 952 1013 1028 Principiis
1049 953 1326 1009 Geometriae.

267 1083 708 1124 DEFINITIO
768 1082 798 1123 Ι.

120 1196 154 1221 1.
314 1174 504 1215 Eometria
529 1172 582 1213 est
597 1169 745 1213 scientia
765 1170 934 1213 extenso-

312 1247 394 1274 rum
413 1243 596 1288 quatenus
608 1231 806 1272 terminata
827 1229 929 1280 sunt,

113 1294 188 1334 hoc
208 1293 284 1341 est,
317 1292 537 1340 Linearum,
568 1290 857 1347 Superficierum
891 1295 931 1333 &

113 1352 343 1396 Solidorum.

288 1427 759 1470 Senotlou.

165 1534 197 1557 2.
227 1523 510 1571 Qemadmodum
522 1526 659 1573 extensio
676 1539 717 1563 ex
739 1527 931 1573 fimultanea

110 1571 244 1617 alicujus
258 1576 307 1609 rei
318 1584 377 1621 per
387 1576 489 1612 locum
504 1576 667 1623 diffusione
681 1580 788 1614 oritur
801 1594 813 1619 ;
835 1580 884 1614 ita
899 1581 932 1614 in

107 1631 213 1659 mente
233 1624 470 1672 repraefi’ntatur
483 1650 495 1670 ,
517 1631 591 1664 dum
603 1632 707 1665 multa
725 1630 758 1664 in
788 1641 849 1664 uno
861 1641 932 1665 con-

107 1675 200 1709 tinuo
211 1673 308 1719 simul
325 1678 533 1724 percipimus.
559 1681 647 1714 Hinc
668 1681 756 1714 notio
779 1678 932 1724 extensio-

107 1724 158 1759 nis
171 1737 231 1760 non
247 1728 338 1761 modo
365 1730 464 1763 totius
477 1741 513 1764 ac
535 1731 682 1776 partium
712 1731 854 1765 notiones
880 1731 930 1766 in-

106 1777 217 1810 volvit
245 1776 298 1817 (J
300 1801 308 1810 .
322 1788 356 1817 9.
371 1778 527 1822 Arith.);
549 1779 605 1824 sed
629 1782 737 1816 eadem
756 1782 790 1816 in
817 1792 927 1816 rerum

107 1823 244 1861 aliarum
257 1828 398 1864 notiones
415 1831 548 1876 irrepit,
578 1843 643 1876 quae
656 1832 723 1865 ideo
735 1839 794 1877 per
802 1831 900 1866 lineas
914 1856 925 1869 ,

100 1874 282 1921 superficies
298 1889 333 1912 ac
344 1879 441 1921 fhlida
454 1880 669 1926 repraefi’ntari
678 1879 813 1927 poffimt.
836 1883 926 1917 Unde

105 1924 166 1966 est,
188 1929 269 1973 quod
280 1931 458 1965 Geometria
480 1929 575 1966 rebus
590 1931 742 1977 plurimis
771 1931 927 1979 applicari

104 1975 211 2024 possit,
230 1976 355 2026 ejusque
367 1981 443 2016 adeo
456 1981 552 2028 qua'm
564 1980 708 2028 latzffime
717 1982 924 2028 pateatusus.

257 2067 641 2109 DEFINITIO
700 2070 766 2110 ΙΙ.

169 2169 188 2208 3
197 2187 205 2197 .
218 2155 418 2214 Congruere
426 2160 601 2201 dicuntur
610 2191 621 2209 ‚
636 2175 800 2217 quorum
811 2163 926 2205 iidem

104 2217 251 2256 termini
275 2216 345 2258 esse
370 2217 530 2273 possunt.
557 2222 708 2277 Nempe
727 2223 928 2279 Congruen-

105 2279 160 2315 tia
185 2277 237 2316 est
262 2277 512 2319 coincidentia
530 2281 789 2323 terminorum.

280 2373 750 2420 SCHoLloN.

154 2484 189 2512 4·
213 2477 267 2509 Ne
282 2474 426 2521 definitio
439 2481 599 2526 negotium
612 2481 746 2527 faceffiit
761 2506 770 2519 ,
787 2483 925 2517 vitanda

103 2520 144 2562 est
165 2526 253 2559 vocis
268 2528 397 2563 termini
415 2532 619 2576 aequivocatio
636 2545 643 2566 :
673 2534 707 2567 id
734 2534 817 2579 quod
836 2533 867 2569 in
876 2532 925 2577 se-

162 2582 292 2638 'Waffii
303 2585 407 2641 Oper.
418 2588 611 2630 Mathem.
625 2592 738 2633 Tom.
758 2590 789 2631 I.

1038 1082 1206 1129 quentibus
1217 1082 1298 1126 satis
1315 1090 1463 1119 cavetur.
1498 1078 1543 1120 ‘A
1565 1085 1697 1120 termini
1716 1095 1794 1120 vero
1808 1088 1859 1121 de-

1033 1131 1180 1177 finitione
1197 1135 1331 1179 consulto
1347 1133 1536 1174 abstinemus
1548 1162 1557 1174 ,
1574 1147 1610 1171 ne
1622 1137 1662 1171 ad
1671 1134 1858 1177 demonstra-

1036 1186 1137 1220 tiones
1151 1184 1379 1232 metaphyficas
1393 1184 1586 1221 dilabamur.

1150 1287 1591 1328 DEFINITIO
1652 1286 1738 1327 111.

1100 1406 1136 1447 ς.
1154 1395 1323 1437 Eundem
1339 1397 1453 1451 situm
1482 1396 1615 1438 hahere
1657 1395 1854 1440 d1cuntur„

1032 1455 1128 1496 inter
1146 1469 1230 1511 quae
1246 1454 1347 1496 idem
1371 1453 1562 1496 extensum
1582 1455 1673 1511 poni
1703 1457 1839 1511 potest.

1167 1566 1592 1609 DEF1N1T10
1654 1566 1742 1607 IV.

1095 1682 1137 1719 6.
1166 1676 1347 1717 Punc‘t'um
1384 1676 1464 1717 est.
1500 1674 1605 1730 quod
1620 1688 1855 1731 quaquaver-

1035 1732 1112 1775 sum
1138 1732 1292 1789 seipsum
1309 1735 1483 1775 terminat
1502 1765 1512 1777 ,
1548 1732 1609 1774 seu
1640 1735 1747 1789 quod
1780 1749 1854 1776 nou

1032 1794 1149 1835 habet
1161 1795 1341 1836 terminos
1362 1794 1454 1834 alios
1475 1793 1496 1834 εὶ
1517 1791 1552 1834 se
1563 1793 1766 1836 distinetos.

1120 1906 1672 1954 CoRoLLARIUM
1734 1904 1766 1945 Ι.

1081 2026 1116 2056 7.
1138 2015 1223 2063 Ergo
1252 2025 1351 2049 omne
1382 2014 1541 2061 punibum
1559 2012 1650 2050 alteri
1669 2014 1851 2061 cuicunque

1031 2065 1183 2113 congruit
1206 2065 1272 2108 (Λῖ-
1292 2075 1304 2106 3
1324 2066 1346 2105 ).

1145 2141 1737 2188 CORoLLAR1sz1H.

1084 2258 1117 2290 8.
1145 2258 1218 2290 Nec
1240 2252 1321 2289 ullas
1347 2255 1382 2290 in
1412 2266 1451 2288 eo
1471 2252 1665 2300 distinguere
1691 2247 1765 2283 licet
1781 2261 1835 2296 pn·

1031 2313 1090 2340 tes.

1260 2383 1633 2422 SCHOLION.

1081 2505 1115 2534 9.
1168 2494 1255 2528 Hinc
1284 2489 1457 2525 Euclides:
1491 2485 1647 2521 Punfium
1678 2478 1719 2519 est
1748 2505 1759 2518 ³
1801 2480 1850 2512 ἰη-
1897 2512 1900 2515 .

1028 2546 1100 2592 quit
1124 2567 1135 2583 ‚
1177 2541 1263 2587 cnjus
1276 2551 1351 2589 pars
1377 2540 1462 2574 nulla
1480 2536 1529 2578 est.
1559 2534 1632 2571 Nec
1643 2531 1849 2627 ᾔνιιὲὶναῐσιὲωκιε

1335 2591 1369 2624 N
1724 2591 1777 2615 um
1797 2590 1850 2612 um
