2101 2869
235 159 310 201 “ff
463 163 786 206 BREVIS
848 160 1577 204 COMMENTATIO.
1841 175 1857 214 ς

132 265 249 309 obvia
272 263 314 304 fit
345 259 482 303 necesse
522 261 572 301 est
591 288 604 307 ,
632 271 671 299 ut
703 258 764 298 vel
795 255 951 312 praesen-

132 340 208 368 tem
232 321 533 379 quandocunque
558 318 709 358 libuerit
733 318 947 372 percipere,

135 385 195 426 vel
215 382 335 436 saepius
353 381 428 430 jam
451 379 540 418 olim
562 389 743 432 percepta:
761 376 861 417 haud
880 376 951 417 dif-

132 442 273 483 ficulter
302 435 480 479 reminisci
512 436 713 476 valeamus.

190 504 223 544 §.
259 504 319 540 16.
361 495 608 537 Definitiones
645 508 736 533 vero
774 494 823 533 ad
856 494 949 533 duas

130 557 254 599 class'es
280 555 482 595 commode
513 565 749 594 revocantur.
782 556 877 593 Sunt
898 553 950 591 ni-

129 617 261 657 mirum
307 613 385 653 alia*
431 612 637 653 nominales
664 640 673 654 ‚
707 612 785 651 alia:
816 611 946 651 reales.

186 680 219 722 §.
259 684 320 723 17.
354 674 530 726 Defim'tio
556 672 755 711 nominalis
774 670 827 710 est
859 684 949 710 enu-

130 733 286 774 meratio
312 743 484 770 notarum
519 729 568 769 ad
601 743 678 769 rem
709 729 879 769 oblatam
899 730 948 769 ab

114 792 210 833 'aliis
242 789 539 843 distinguendam
570 785 835 828 sufficientium.
849 787 949 828 Talis

128 851 179 891 est
203 848 393 904 *quadrati
412 878 422 895 ‚
458 847 482 886 fi
513 846 631 901 figura
663 846 917 900 quadrilatera
936 875 948 893 2

129 909 365 963 aequilatera,
391 906 602 960 refrangula
633 903 702 945 esse
732 905 887 946 dicatur.

185 973 220 1015 §.
260 975 322 1010 18.
354 965 529 1021 Definitio
548 968 658 1005 realis
677 965 727 1004 est
746 965 855 1005 notio
884 964 950 1005 dis-

132 1027 266 1072 ti116ta‚
290 1025 341 1065 rei
372 1023 541 1078 genesin,
574 1024 647 1063 hoc
679 1024 752 1071 est,
773 1022 947 1071 modum,

128 1100 208 1141 quo
239 1083 317 1123 fieri
348 1083 494 1136 potest>
528 1096 730 1136 exponens.
797 1082 896 1122 Talis
912 1084 947 1123 in

129 1143 346 1185 Geometria
372 1143 424 1182 est
456 1141 622 1187 Circuli,
654 1141 679 1180 fi
709 1155 777 1194 per
802 1154 947 1182 motum

127 1204 231 1243 lineae
250 1203 355 1241 rectae
386 1201 483 1240 circa
512 1202 690 1255 punctum
721 1199 837 1240 fixum
867 1199 947 1242 des-

126 1261 220 1303 cribi
259 1260 476 1315 concipitur.

183 1327 221 1367 §.
273 1330 335 1367 19.
377 1318 440 1358 Ad
469 1317 702 1360 definitiones
741 1318 946 1360 nominales

126 1379 250 1420 multis
285 1377 406 1417 modis
441 1379 694 1432 pervenitur:
722 1393 818 1433 quos
852 1378 947 1418 inter

126 1438 262 1493 primus
286 1437 468 1477 nominari
484 1436 622 1483 debet,
647 1436 671 1476 si
691 1438 740 1477 ad
762 1452 841 1478 rem
856 1451 944 1490 prae-

127 1496 262 1537 sentem
273 1525 284 1543 ‚
304 1509 416 1550 quam
441 1495 662 1550 percipimus
676 1526 686 1543 ,
702 1497 942 1536 attendimus

126 1559 208 1597 Hac
233 1555 376 1595 ratione
387 1554 620 1594 Astronomis
630 1556 791 1595 innotuit
803 1586 811 1601 ,
824 1555 944 1608 Eclip-

125 1614 176 1655 fin
207 1616 320 1655 Lunae
351 1611 420 1654 effe
440 1614 688 1667 privationem
705 1614 852 1654 luminis
871 1614 945 1654 Lu-

125 1687 180 1714 nae
195 1674 323 1729 plenae.
357 1674 459 1712 Cum
480 1686 566 1712 cura
596 1686 688 1713 vero
720 1673 943 1727 distinguen-

123 1730 314 1778 da'sunt,
345 1745 428 1785 quae
466 1730 638 1785 distingui
670 1730 818 1786 possunt
836 1761 849 1779 ,
883 1745 943 1772 ea-

124 1804 200 1845 que
231 1789 294 1830 fini
324 1788 463 1844 fingula
474 1790 635 1845 primum
654 1789 834 1844 sigillatim
857 1805 945 1831 con-

125 1848 274 1890 fit-{erari
286 1877 297 1896 ,
322 1862 412 1888 mox
430 1849 525 1889 inter
543 1847 579 1888 se
599 1849 758 1889 conferri
778 1849 942 1897 debent,

126 1920 166 1948 ut
177 1906 344 1948 definitio
358 1907 464 1947 notio
493 1907 659 1948 distinaa
683 1907 941 1964 evadathua-

124 1968 166 2007 lis
197 1971 268 2017 (vi
299 1972 335 2013 §.
367 1969 443 2015 13)
463 1964 531 2006 esse
554 1966 682 2007 debet.

183 2029 217 2071 §.
253 2034 318 2068 20.
337 2024 585 2066 Definitiones
608 2025 678 2066 hac
699 2026 758 2067 vel
777 2026 848 2068 alia
869 2042 944 2068 me-

125 2084 247 2125 thodo
271 2084 503 2139 investigatas
532 2085 785 2139 expendentes
818 2088 942 2127 varias

126 2142 345 2198 plerumque
360 2143 688 2184 determinationes
709 2146 943 2186 animadver-

126 2202 235 2241 timus
250 2231 261 2249 ,
286 2202 422 2256 quibus
440 2202 570 2243 ominis
590 2204 839 2258 generaliores
857 2219 941 2245 eva-

124 2260 229 2301 dunt.
250 2263 292 2301 E.
311 2274 366 2315 gr.
382 2262 419 2301 Si
438 2275 485 2301 ex
503 2261 722 2303 definitione
740 2262 939 2320 Trianguli

125 2319 229 2373 quod
260 2319 301 2359 fit
331 2318 485 2374 spatium
513 2321 631 2361 tribus
647 2321 751 2362 lineis
772 2337 942 2378 compre-

127 2376 303 2426 hensum,
335 2378 514 2420 linearum
547 2394 720 2422 numerus
752 2396 942 2438 expunga-

127 2448 187 2476 tur
205 2452 215 2479 ;
247 2438 441 2479 notionem
463 2437 599 2495 Egurae
634 2441 812 2490 habebis,
833 2442 940 2498 quod

125 2493 168 2537 fit
195 2492 350 2551 spatium
382 2498 488 2540 lineis
520 2499 770 2544 terminatum.

996 442 999 459 l

1103 263 1138 304 §.
1174 266 1242 300 21.
1275 257 1313 297 Si
1344 255 1674 295 determinationes
1706 258 1741 295 in
1774 258 1865 299 defi-

1042 315 1245 357 nitionibus
1278 315 1412 355 obvias
1444 313 1676 361 confideres,
1710 315 1798 355 alias
1824 318 1864 357 iis

1041 375 1207 430 geminas
1239 370 1467 414 comminisci
1498 373 1627 413 datur:
1653 387 1728 427 qua
1754 376 1864 416 ratio-

1041 448 1087 474 ne
1118 433 1353 473 definitiones
1373 433 1450 471 aliae
1470 431 1720 472 inveniuntur.
1742 436 1786 474 E.
1807 448 1863 488 gr.

1041 493 1124 534 Ubi
1157 491 1353 546 perpendis
1384 489 1544 544 figuram
1561 490 1737 545 trianguli
1756 505 1777 531 a
1796 505 1864 533 ter-

1040 552 1147 592 nario
1166 551 1323 590 laterum
1343 563 1502 595 numero
1522 548 1740 603 dependere
1751 568 1760 593 ‚-
1773 564 1863 604 qua-

1040 610 1243 650 ternarium
1274 621 1338 648 aut
1368 621 1567 648 numerum
1599 622 1866 664 quemcunque

1039 669 1152 709 alium
1184 668 1348 708 ternario
1380 668 1560 718 majorem
1591 664 1795 715 substitue,
1825 681 1866 709 ut

1039 727 1208 768 definitio
1240 725 1377 782 Fzgurae
1404 728 1658 780 quadrilatera
1677 739 1742 766 aut
1774 731 1866 768 mul-

1039 789 1191 827 tilaterae
1218 787 1472 839 cujuscunque
1502 784 1676 838 prodeat.

1099 849 1133 891 §.
1169 855 1237 888 22.
1270 842 1607 900 Quemadmodum
1633 853 1726 886 <zero
1742 846 1813 897 (vi
1827 848 1863 891 §.

1043 915 1098 948 20
1111 904 1128 958 )
1142 904 1471 945 determinationes
1501 902 1676 957 quaedam
1711 904 1862 951 omitti,

1040 963 1086 1004 fic
1118 963 1231 1004 etiam
1256 976 1366 1003 novae
1402 960 1599 1016 superaddi
1628 960 1788 1017 possunt.
1816 966 1861 1005 E.

1040 1037 1094 1077 gr.
1121 1023 1157 1062 in
1183 1021 1401 1062 definitione
1439 1021 1635 1074 trianguli,
1663 1019 1803 1074 species
1824 1024 1864 1062 δεῖ

1040 1083 1134 1121 ratio
1153 1081 1354 1127 linearum,
1382 1094 1498 1135 quam
1520 1080 1615 1119 inter
1638 1078 1675 1120 se
1696 1080 1859 1123 habent,

1040 1140 1277 1180 determinari
1306 1140 1438 1194 potest.
1472 1141 1659 1179 Ponamus
1690 1139 1863 1180 nimitum

1039 1199 1155 1239 lineas
1186 1197 1258 1240 effe
1285 1201 1425 1240 tenitas
1455 1198 1639 1252 generalis
1664 1199 1773 1238 notio
1800 1199 1862 1239 tri-

1037 1259 1164 1313 anguli
1188 1259 1225 1298 in
1245 1259 1439 1298 notionem
1454 1256 1654 1311 Trianguli
1677 1261 1863 1299 rec7ilinei

1038 1318 1131 1358 abit.
1196 1320 1384 1357 Ponamus
1403 1330 1522 1371 porro
1552 1313 1623 1356 effe
1649 1316 1763 1357 latera
1782 1320 1861 1357 omss

1038 1377 1098 1416 nia
1128 1377 1223 1416 inter
1264 1374 1299 1416 se
1331 1375 1513 1429 aequalia3
1548 1375 1655 1415 notio
1688 1375 1863 1430 trianguli

1037 1435 1220 1490 generalis
1254 1436 1290 1475 in
1318 1435 1514 1475 notionem
1530 1434 1728 1490 Trianguli
1758 1440 1859 1489 aqui-

1038 1498 1148 1535 lateri
1168 1494 1439 1549 degenerabit.

1095 1559 1129 1600 §.
1151 1562 1217 1604 23.
1238 1552 1513 1594 Definitionum
1537 1566 1604 1605 per
1636 1551 1861 1593 methodum

1036 1613 1193 1666 primam
1218 1613 1451 1652 inventarum
1476 1611 1620 1651 realitas
1653 1623 1760 1651 extra
1779 1625 1859 1652 omm

1037 1685 1122 1711 nem
1150 1671 1394 1712 dubitationis
1415 1671 1535 1710 aleam
1567 1669 1697 1724 polita.
1762 1671 1858 1727 Qiis

1035 1731 1132 1770 enim
1160 1759 1172 1777 ,
1205 1745 1287 1784 quse
1331 1732 1415 1770 actu
1444 1731 1598 1770 existere
1635 1728 1856 1783 cognoscit,

1034 1802 1158 1829 utrum
1178 1788 1249 1830 esse
1276 1788 1410 1844 poffint
1442 1803 1512 1829 nec
1536 1803 1582 1829 ne
1601 1817 1613 1835 ,
1640 1787 1857 1828 dubitabit?

1033 1848 1236 1889 Dubitaret
1259 1849 1379 1895 enim,
1403 1862 1493 1888 num
1520 1848 1752 1902 perciperet,
1777 1862 1859 1901 qua:

1033 1906 1066 1948 se
1094 1909 1285 1962 percipere
1305 1906 1373 1947 fibi
1398 1904 1564 1947 conscius
1591 1907 1667 1947 est:
1693 1906 1732 1946 id
1749 1907 1856 1960 quod

1034 1967 1144 2006 valde
1170 1964 1363 2007 absonum.
1397 1969 1438 2006 fi.
1458 1979 1514 2020 gr.
1537 1966 1576 2006 Si
1607 1966 1689 2018 quis
1709 1967 1854 2006 Lunam

1032 2025 1268 2066 deficientem
1287 2027 1450 2066 intuetur
1468 2024 1596 2079 §quod
1613 2023 1773 2078 Eclipfin
1791 2038 1854 2078 pa—

1032 2085 1060 2124 ti
1089 2084 1194 2138 possit
1214 2114 1223 2126 ,
1258 2085 1432 2124 dubitare
1462 2084 1604 2138 nequit.
1668 2083 1775 2123 Idem
1805 2083 1853 2121 de

1030 2143 1099 2184 illis
1121 2143 1403 2184 definitionibus
1429 2143 1606 2193 judicium
1639 2142 1741 2188 esto,
1769 2154 1854 2196 quae

1030 2217 1052 2243 a
1077 2202 1306 2256 possibilibus
1339 2202 1616 2243 abstrahuntur.

1092 2267 1126 2309 §.
1167 2272 1233 2308 24.
1265 2261 1351 2302 Alia
1388 2276 1479 2302 vero
1507 2259 1852 2312 definitionuinper

1030 2321 1251 2362 methodum
1287 2321 1433 2361 tertiam
1460 2323 1499 2360 ὃς
1530 2332 1701 2374 quartam
1727 2319 1852 2357 imen-

1030 2393 1151 2420 tarum
1165 2383 1216 2421 est
1230 2381 1336 2421 ratio.
1358 2380 1581 2433 Utrobique
1595 2377 1694 2418 enim
1706 2376 1850 2416 arbitri*

1027 2453 1094 2480 *um
1103 2452 1235 2494 regnat
1245 2469 1255 2487 ,
1267 2439 1340 2479 sive
1350 2440 1455 2491 juxta
1465 2439 1612 2479 tertiam
1627 2435 1848 2476 determina--

960 2510 969 2513 ·
1029 2500 1149 2541 tiones
1168 2500 1274 2542 datas
1294 2500 1333 2539 in
1347 2498 1435 2538 alias
1464 2497 1595 2540 similes
1623 2504 1820 2536 comestas
1836 2522 1845 2535 ‚

1777 2550 1824 2592 siv
1830 2566 1850 2592 e

1327 2557 1418 2607 A3
