2101 2869
286 155 339 193 12

280 243 422 285 tionem
438 244 622 299 perveniri
641 244 741 285 haud
761 258 953 300 quaquam
979 244 1092 299 posse.

281 303 430 347 Dicitur
456 317 547 345 Vero
572 305 778 346 Methodus
807 306 1090 353 mathematica,

279 362 397 404 immo
414 360 538 416 saepius
569 363 844 404 Geometrarum
865 364 1051 403 methodus
1075 392 1087 411 ,

277 422 366 477 quia
389 421 462 461 huc
480 419 595 476 usque
614 422 870 462 Mathematici
891 421 968 462 fere
997 419 1086 469 soli,

275 480 313 521 in
338 481 558 521 Geometria
574 480 737 535 inprimis
750 510 762 528 ,
783 481 861 531 ejus
875 481 974 535 leges
988 479 1087 521 sanc-

274 550 313 580 te
331 539 619 580 custodiverunt.
653 542 882 594 Quanquam
895 540 993 579 enim
1006 554 1083 579 non

274 597 459 638 defuerint
474 627 487 644 ‚
521 598 586 652 qui
605 597 859 638 eandemaliis
890 596 1083 652 disciplinis

272 657 460 711 applicare
473 656 686 697 studuerunt
699 672 709 699 ;
730 657 879 696 conatui
897 668 1022 696 tamen
1032 658 1084 711 ip-

272 712 395 756 sorum
413 727 568 755 eventus
584 715 734 755 minime
756 713 957 768 respondit.
998 718 1084 756 Ete-

271 775 348 814 nim
357 787 455 814 nunc
473 774 644 814 notiones
654 787 731 813 non
742 772 823 813 satis
833 773 1057 814 evolverunt
1068 803 1080 821 ,

270 846 369 875 nunc
386 831 459 873 fine
477 834 702 887 probatione
734 831 972 873 assumserunt
999 846 1081 888 quae

268 891 431 932 maxime
448 891 602 946 probari
626 891 819 931 debebant
842 920 856 936 ,
888 905 987 932 nunc
1015 906 1082 947 per

268 949 399 991 saltum
434 950 640 991 ratiocinati
658 948 738 990 sunt
759 979 769 992 ‚
809 950 1005 990 inferentes
1028 951 1082 991 ni-

266 1010 400 1049 mirum
426 1038 436 1051 ‚
472 1022 554 1064 quae
577 1009 681 1050 nullo
702 1021 926 1063 argumento
954 1008 1079 1050 inferri

265 1068 426 1122 possunt.

323 1130 357 1172 §.
407 1137 471 1177 53.
499 1126 700 1182 Explicatae
735 1126 905 1167 methodi
932 1127 1078 1182 legibus

264 1199 350 1226 cum
367 1199 414 1226 ex
433 1183 503 1225 affe
534 1184 682 1226 satisfiat
701 1186 739 1226 in
759 1185 919 1226 Mathefi
933 1185 1077 1240 praeser-

260 1245 328 1284 tim
353 1257 445 1299 pura
474 1273 486 1291 ,
533 1258 611 1284 non
635 1258 682 1285 ex
704 1257 804 1284 vano
822 1244 1072 1299 praedicatur,

260 1303 367 1357 quod
385 1303 616 1343 Mathemata
635 1303 813 1354 judicium
823 1315 959 1344 acuant
970 1334 979 1346 ‚
996 1305 1071 1345 hoc

258 1363 312 1402 est
327 1391 339 1409 ‚
376 1362 483 1416 quod
513 1375 644 1402 eorum
664 1361 827 1403 cultores
844 1364 1071 1417 promptitu-

258 1421 384 1461 dinem
402 1421 596 1475 acquirant
614 1421 809 1461 veritatem
827 1421 1038 1475 quamlibet
1055 1453 1068 1471 ,

257 1479 306 1520 ad
321 1494 433 1535 quam
451 1476 752 1534 cognoscendam
768 1480 933 1520 animum
945 1481 1070 1536 appel-

256 1539 358 1586 lunt,
385 1539 613 1581 accuratius,
635 1551 748 1593 quam
765 1538 826 1578 alii
840 1536 981 1587 solent,
1014 1541 1069 1580 di-

254 1596 456 1649 judicandi.
488 1598 676 1638 Exercitio
701 1597 799 1637 enim
830 1611 1068 1652 comparatur

254 1655 444 1709 judicandi
462 1656 573 1696 etiam
590 1670 634 1696 ac
647 1656 891 1697 ratiocinandi
899 1656 1062 1705 habitus,

252 1714 366 1769 quale
398 1714 756 1756 demonstrationum
788 1715 1067 1757 mathematica-

251 1786 335 1827 rum
354 1773 548 1814 meditatio
579 1771 716 1814 censeri
746 1773 875 1816 debet.

312 1835 347 1877 §.
374 1841 437 1883 54.
454 1833 605 1872 FruCtus
627 1832 761 1887 igitur,
784 1846 902 1887 quem
920 1848 968 1874 ex
992 1834 1065 1875 stu-

244 1889 316 1931 dio
343 1889 555 1931 Matheseos
576 1892 778 1931 maximum
805 1893 995 1946 percipere
1024 1893 1065 1933 li-

248 1961 310 1990 cet
336 1978 348 1997 ,
383 1949 577 2005 participes
607 1963 685 1990 non
710 1948 803 1990 fiunt
820 1979 833 1997 ,
863 1963 1061 2006 quotquot
1086 1990 1087 1998 ,

246 2022 380 2064 praxes
397 2008 579 2062 quasdam
598 2008 875 2050 mathematicas
890 2010 1059 2065 aliasque

246 2081 380 2122 parum
400 2067 651 2107 mathematici
685 2067 866 2109 habentes
888 2098 899 2116 ‚
937 2069 1057 2124 vulgo

243 2137 370 2167 tamen
389 2125 437 2166 ad
458 2126 614 2166 eandem
633 2125 758 2165 referri
774 2124 918 2174 solitas,
936 2126 1055 2168 addis-

242 2196 346 2225 cunt.
374 2185 478 2225 Licet
489 2185 587 2225 enim
600 2185 637 2224 in
646 2185 722 2225 vita
737 2186 927 2226 communi
945 2186 1052 2228 utiles

242 2245 400 2286 existant
411 2258 421 2287 3
434 2244 620 2284 neminem
637 2255 760 2284 tamen
772 2245 898 2296 judicii
913 2247 1051 2286 acumi-

240 2316 288 2344 ne
316 2316 360 2343 ac
383 2301 594 2343 inveniendi
621 2302 750 2343 habitu
785 2304 900 2344 beant
919 2333 932 2351 ,
964 2306 1052 2359 quia

228 2373 299 2418 per
307 2365 341 2408 §.
348 2375 451 2418 praec.
474 2362 549 2401 haec
568 2375 644 2402 non
662 2361 725 2402 nifi
739 2360 762 2402 a
777 2359 866 2403 seria
882 2361 1051 2404 demons-

238 2420 702 2463 trationum-meditatione
729 2424 923 2476 expetitare
947 2422 1044 2464 licet.

512 149 605 189 DE
664 147 1079 191 METHODO
1140 149 1784 197 MATHEMATICA

1156 246 1248 287 duas
1267 246 1510 303 respondeam
1528 278 1539 291 ,
1566 263 1660 304 quas
1679 261 1809 290 contra
1827 253 1970 304 metho-¹

1155 305 1246 346 dum
1263 309 1551 348 Geometrarum
1568 309 1737 349 nonnulli
1763 307 1897 351 afferre
1914 309 1969 353 so-

1152 363 1231 404 lent
1250 394 1263 412 ,
1286 364 1501 420 'praesertim
1526 380 1609 406 cum
1633 365 1718 407 satis
1743 368 1967 422 praevideam

1150 436 1227 463 non
1248 423 1446 464 defuturos
1460 454 1470 471 ‚
1491 425 1555 479 qui
1574 425 1724 466 casdem
1743 438 1872 467 contra
1884 428 1966 469 Ele-

1149 494 1274 522 menta
1295 497 1378 523 mea
1395 482 1607 523 Matheseos
1627 484 1826 538 urgebunt.
1847 487 1965 527 Nem-

1147 553 1195 594 pe
1225 541 1317 581 vitio
1334 541 1491 581 vertitur
1512 543 1730 582 Geometris
1751 571 1764 589 ,
1809 555 1843 586 1.
1871 549 1968 599 quod

1146 602 1263 640 multa
1293 602 1471 654 dgfiniant
1492 629 1501 641 ,
1552 616 1623 655 quae
1657 603 1865 656 difinitione
1891 619 1962 643 non

1146 659 1279 699 habent
1302 672 1385 713 opus
1399 687 1410 706 ‚
1438 658 1482 704 ἀ
1509 662 1605 714 quod
1624 663 1742 700 malta
1764 661 1917 715 probent
1948 691 1960 709 ‚

1146 733 1218 771 quae
1233 718 1444 771 probatione
1461 733 1532 757 non
1550 720 1715 772 indigent
1736 738 1746 757 .·
1784 728 1821 762 2.
1866 724 1964 775 quod

1145 778 1305 816 ordinem
1318 805 1327 817 ‚
1349 792 1416 831 quo
1434 780 1664 830 generaliora
1684 776 1959 832 &simpliciora

1132 834 1351 890 specialibus
1382 833 1426 880 ά
1443 837 1638 890 compositis
1650 841 1806 890 praeponi
1833 837 1958 889 neceffe'

1143 895 1192 946 cst
1205 922 1216 941 ,
1242 896 1429 948 neglzgant
1443 923 1455 941 ‚
1492 911 1557 934 nec
1575 895 1628 934 ad
1641 910 1751 934 unum
1770 910 1955 949 argumen-

1141 965 1217 993 tum
1231 957 1458 1008 pertinentia
1488 969 1557 993 uno
1585 955 1657 993 loco
1683 952 1886 1005 abftlvant.

1200 1015 1234 1056 §.
1260 1018 1322 1062 56.
1344 1011 1558 1062 Objeffloni
1578 1011 1705 1065 prirnae
1724 1023 1764 1050 ut
1782 1009 1953 1061 satisfiat,

1139 1069 1403 1124 explicandum
1425 1070 1477 1110 est
1493 1099 1504 1116 ,
1538 1069 1694 1123 quando
1719 1069 1955 1111 definitiones

1140 1128 1206 1168 lint
1231 1127 1418 1182 superfluae
1445 1132 1483 1169 &
1509 1128 1638 1182 quales
1677 1126 1748 1168 effe
1788 1129 1954 1170 debeant

1137 1187 1407 1243 propositiones
1424 1216 1436 1234 ,
1471 1198 1511 1226 ut
1527 1186 1752 1240 probatIOne
1769 1201 1845 1227 non
1859 1188 1950 1228 indi-

1134 1258 1246 1302 geant
1264 1263 1272 1285 :
1306 1246 1345 1286 id
1364 1245 1472 1300 quod
1482 1259 1528 1285 ex
1545 1244 1619 1284 fine
1628 1244 1886 1286 definitionum
1900 1259 1950 1287 at-

1133 1319 1208 1360 que
1238 1304 1367 1345 indole
1390 1304 1749 1344 demonstrationum
1779 1303 1948 1345 redditur

1131 1363 1373 1404 manifestum.
1391 1362 1639 1404 Definitiones
1658 1363 1830 1402 nimirum
1848 1362 1947 1404 hunc

1131 1423 1270 1464 habent
1306 1420 1407 1462 usum
1432 1451 1442 1464 ,
1478 1432 1518 1461 ut
1540 1421 1602 1460 vel
1638 1418 1945 1475 subsequentibus

1128 1482 1206 1523 aliis
1237 1480 1485 1535 intelligendis
1515 1477 1737 1526 inserviant,
1771 1480 1832 1520 vel
1847 1480 1945 1534 prin-

1129 1541 1223 1594 cipia
1242 1538 1518 1581 demonstrandi
1545 1538 1746 1592 praebeant.
1810 1539 1943 1580 Osten-

1127 1599 1218 1640 dant
1234 1599 1346 1653 igitur
1379 1595 1580 1639 adversarii
1604 1626 1616 1644 2
1655 1597 1844 1638 Euclidem
1877 1609 1943 1638 aut

1127 1661 1374 1700 Geometram
1398 1656 1510 1697 alium
1548 1656 1662 1695 ullam
1687 1655 1824 1695 dedisse
1849 1655 1942 1696 defi-

1126 1717 1306 1758 nitionem
1322 1745 1335 1764 ‚
1355 1728 1429 1770 qua
1447 1728 1517 1755 nec
1531 1714 1580 1754 ad
1600 1711 1861 1767 subsequentes
1879 1728 1942 1755 ex-

1124 1775 1340 1832 plicandas,
1373 1774 1498 1814 necin
1529 1771 1847 1827 propositionibus
1875 1772 1939 1814 de-

1124 1832 1373 1876 monstrandis
1391 1843 1558 1873 utuntur.
1624 1830 1816 1885 Qamdiu
1844 1844 1938 1872 vero

1122 1892 1291 1946 exempla
1316 1889 1515 1931 istiusmodi
1540 1890 1578 1929 in
1608 1890 1772 1929 medium
1803 1888 1936 1930 afferre

1122 1962 1333 2007 nequeunt,
1351 1952 1575 1991 Geometras
1590 1947 1861 2003 reprehendere
1870 1948 1934 1989 de-

1120 2011 1237 2052 finant
1254 2038 1267 2056 ,
1294 2008 1401 2064 quod
1419 2008 1521 2048 nimii
1538 2006 1605 2048 sint
1622 2008 1659 2047 in
1690 2005 1908 2049 definiendo
1917 2021 1937 2056 ‚'

1120 2074 1159 2112 δε
1187 2067 1293 2109 suum
1316 2067 1449 2123 lpotius
1474 2079 1642 2107 errorem
1676 2063 1879 2120 agnoscant
1914 2076 1935 2114 ,¹

1115 2127 1223 2184 quod
1239 2125 1517 2168 definitionibus
1542 2139 1619 2166 non
1636 2124 1751 2165 alium
1764 2124 1934 2166 tribuant

1116 2186 1218 2229 usum
1239 2215 1252 2234 ,
1288 2184 1354 2226 nisi
1375 2184 1444 2240 qui
1462 2186 1499 2226 in
1534 2184 1645 2225 rebus
1667 2182 1829 2224 definitis
1863 2197 1930 2238 ag-

1115 2245 1306 2288 noscendis
1325 2249 1364 2286 &
1391 2244 1440 2284 ab
1459 2244 1537 2285 aliis
1554 2243 1819 2298 distinguendis
1838 2256 1928 2283 con-

1113 2306 1209 2347 fistit.
1254 2304 1429 2346 Diximus
1455 2317 1571 2358 porro
1598 2301 1760 2357 superius
1777 2328 1789 2347 ‚
1837 2314 1926 2355 prae-

1112 2363 1228 2406 missas
1240 2361 1538 2418 syllogismorum
1551 2361 1694 2402 tamdiu
1708 2359 1924 2419 continuan-

1112 2424 1178 2465 das
1204 2420 1274 2464 effe
1289 2452 1300 2465 ,
1332 2422 1455 2464 donec
1472 2422 1521 2462 ad
1546 2419 1803 2466 definitiones,
1829 2430 1922 2472 quas

1802 2547 1923 2578 UOHCS

298 2484 332 2527 §-
358 2487 434 2542 '55.
457 2482 640 2537 Superest
671 2492 713 2523 ut
732 2482 781 2524 ad
812 2481 1044 2532 objeetiones
1106 2484 1181 2536 jam
1199 2482 1341 2526 constat
1360 2479 1433 2525 esse
1461 2479 1644 2538 poffibiles
1663 2509 1677 2528 ‚
1711 2475 1920 2544 &propost-
