2101 2869
260 165 314 211 2¹4
624 155 1082 199 ELEMENTA
1144 157 1700 204 ARITHMETICAE

257 250 408 293 sumitur
425 280 434 293 ‚
469 262 626 292 vocatur
651 255 968 308 Multiplicandus
988 271 999 298 ‚-
1020 254 1068 295 al-

257 320 314 351 ter
342 324 455 357 vero,
492 311 557 364 qui
588 312 725 351 indicat
744 341 755 358 ,
776 313 922 364 quoties
940 313 1000 352 ille
1016 311 1067 353 su-

257 381 377 410 matur
398 398 407 411 ,
436 371 728 424 ‘Multiplicaton

406 429 914 470 COROLLARIUM.

308 487 369 526 67.
404 486 573 531 Qoniam
607 486 718 531 itaque
743 487 774 520 in
800 484 1067 531 multiplicatione

257 547 411 570 numerus
433 536 598 569 invenitur
619 533 709 571 alteri
743 535 870 569 cuidam
895 534 1066 581 aliquoties

256 583 362 619 sumto
382 585 510 632 aequalis
531 583 544 629 (
563 586 604 624 J.
623 586 701 624 66.)
715 607 725 621 ,
756 584 931 619 istiusmodi
955 595 1064 619 autem

254 634 402 669 inventio
414 648 480 669 non
497 634 540 668 est
557 633 734 668 nifiiterata
751 635 873 669 additio
889 633 1062 678 (§.62.);

253 681 482 731 multiplicatio
507 683 550 718 est
576 683 688 718 iterata
707 684 851 729 ejusdem
865 686 993 721 numeri
1007 686 1063 718 ad-

254 732 348 768 ditio.

419 782 784 825 Hypomwsm
845 786 895 823 X.

312 840 532 895 68.Signum
558 843 873 895 multiplicationis
897 843 1063 896 estprinc-

250 913 327 940 tum
349 904 491 939 unicum
515 899 564 952 (.)
580 904 676 939 inter
687 900 852 952 faffores
877 902 964 940 duos
988 917 1059 940 me-

248 960 307 999 dio
334 960 404 997 loco
416 960 566 1012 posttum
586 987 597 1004 ,
629 948 735 1012 quoos
737 972 805 1012 per
841 957 1058 1012 multiplica-

248 1026 330 1056 tum
360 1015 516 1071 effertur.
548 1018 591 1056 E.
610 1029 666 1069 gr.
687 1028 761 1066 4.3
796 1015 952 1056 denotat
986 1016 1059 1056 fac-

248 1084 329 1115 tum
348 1088 394 1113 ex
415 1085 441 1119 4
467 1074 503 1113 in
526 1084 571 1122 33
593 1074 681 1114 item
710 1085 750 1125 7.
768 1085 802 1125 ς.
824 1086 869 1123 9,
898 1074 1057 1122 flatrum,

248 1133 354 1183 cujus
387 1130 542 1171 faetores
569 1130 651 1171 sunt
675 1143 726 1184 7,
753 1136 824 1183 5&
842 1143 880 1181 9.
908 1132 1060 1174 Litterae

240 1192 319 1245 fine
344 1193 415 1231 ullo
432 1192 525 1244 figno
544 1197 763 1245 junguntur.
790 1193 832 1232 E.
852 1204 908 1245 gr.
935 1194 980 1232 ab
999 1191 1060 1231 de—

246 1260 355 1289 notat
380 1248 516 1288 lhffitum
536 1263 583 1288 ex
606 1265 629 1288 a
656 1249 692 1288 in
711 1250 751 1291 ἐς
764 1250 785 1290 b
803 1266 821 1289 c
838 1252 866 1290 d
880 1248 1018 1290 saetam
1044 1278 1056 1297 ‚

246 1307 350 1358 cujus
370 1305 527 1346 faetores
546 1308 587 1348 h,
607 1324 625 1346 c
639 1310 677 1347 δε
693 1310 729 1348 d.

380 1367 719 1407 DEF1N1T10
751 1367 925 1406 XXIX.

305 1429 374 1471 69.
399 1424 541 1477 Divisto
568 1425 617 1463 est
636 1424 800 1463 inventi0
817 1424 970 1475 alicujus
992 1439 1056 1465 nu-

246 1481 337 1522 meri
347 1495 392 1521 ex
402 1480 552 1520 duobus
569 1482 664 1521 datis
679 1511 690 1528 ,
708 1482 743 1521 in
755 1496 833 1535 quo
847 1484 957 1522 toties
967 1498 1055 1523 con-

244 1541 380 1581 tinetur
397 1540 513 1579 unitas
541 1568 553 1586 ‚
592 1541 740 1593 quoties
768 1540 941 1581 datorum
963 1556 1053 1582 unus

243 1597 281 1638 In
310 1597 439 1638 altero.
501 1601 690 1638 Numerus
712 1628 723 1645 ‚
756 1599 824 1652 ⁴qui
852 1599 967 1639 dividi
990 1600 1052 1640 dc-

245 1655 310 1698 bct
332 1685 343 1702 ,
363 1657 596 1696 Dividendus
615 1672 624 1699 ς
651 1657 761 1698 alter,
788 1671 855 1710 per
879 1672 993 1711 quem
1010 1658 1052 1699 fit

242 1712 374 1754 divifio
388 1743 400 1760 ,
434 1715 582 1766 Divzsor
600 1731 609 1756 ς
629 1715 692 1768 qui
719 1715 882 1767 denique
895 1716 1047 1764 indicat,

242 1773 391 1825 quoties
417 1770 552 1811 dlvisor
568 1773 604 1812 in
631 1773 834 1813 dividendo
863 1775 1049 1815 continea—

243 1840 303 1870 tur
316 1859 326 1872 ,
355 1830 494 1883 Qotus
509 1830 656 1871 dicitur.

425 1891 449 1928 S
484 1901 507 1928 c
543 1901 568 1928 H
603 1901 630 1928 O
665 1901 688 1929 L
719 1902 732 1932 1
760 1902 787 1929 0
823 1902 865 1930 N.

292 1958 352 1987 70.
386 1949 422 1980 ln
448 1947 708 1993 multiplicatione
729 1950 770 1983 ὄν
794 1949 948 1992 divisione
973 1959 1048 1996 opus

240 2006 301 2031 non
325 1994 366 2035 est
384 2019 392 2034 ‚
429 2005 465 2029 ut
487 1999 610 2031 numeri
641 1999 712 2032 dati
733 1996 797 2041 fine
831 2000 1013 2044 homogcnei
1034 2023 1042 2036 ‚

237 2046 500 2090 quemadmodum
523 2047 556 2079 in
581 2048 741 2081 additione
765 2048 807 2082 Θ·
832 2047 1046 2090 [νιὸῖναὲἶὶοηε

238 2094 464 2139 requirebatur
479 2097 537 2135 (5.
556 2101 614 2128 61.
633 2097 709 2135 64.)
727 2122 734 2129 .
749 2099 824 2131 Cum
840 2099 922 2132 enim
943 2100 976 2132 in
991 2102 1045 2133 ad-

238 2144 359 2178 ditione
377 2155 419 2178 ex
430 2142 549 2178 duobus
573 2148 626 2178 vel
644 2144 787 2190 pluribus
813 2149 950 2182 numeris
967 2160 1046 2182 com·

236 2200 375 2238 ponatur
403 2204 482 2227 unus
507 2201 657 2240 tanquam
691 2206 732 2228 ex
761 2195 908 2241 partibus
940 2205 1044 2232 totum

1152 258 1370 302 homogeneam
1389 258 1441 303 effe
1463 255 1476 302 (
1486 258 1518 297 -5
1521 283 1528 291 .
1540 259 1622 300 cit.)
1641 272 1653 297 ς
1694 261 1727 295 in
1749 259 1961 305 subtrac'le'one

1151 321 1230 344 vero
1248 319 1397 342 numerus
1415 310 1599 343 minuendus
1613 308 1776 354 respondet
1793 313 1922 355 fizmmae
1947 339 1958 356 ,

1146 356 1378 400 subtrahendus
1392 358 1432 392 Θ
1448 357 1583 400 residuus
1598 364 1805 405 aggregandis
1811 363 1867 406 seu
1878 366 1958 408 sum-

1151 407 1274 442 mandis
1288 407 1354 446 (92,
1368 412 1426 442 61.
1440 414 1501 447 64.
1519 409 1527 446 )
1540 421 1547 442 :
1560 408 1696 445 ulterius
1712 420 1802 457 patet
1814 437 1824 450 ‚
1844 415 1876 448 in
1884 413 1967 456 sub-·

1150 457 1304 492 tructione
1337 458 1434 490 etiam
1459 459 1679 500 minuendum,
1711 460 1958 504 subtrahendum

1151 508 1193 541 (φ
1215 504 1366 547 residuum
1380 518 1524 541 numeros
1539 510 1625 542 inter
1636 509 1670 552 se
1688 511 1887 558 homogeneos
1901 512 1958 556 esse

1150 554 1275 590 debere.
1311 556 1352 590 In
1368 555 1624 602 multiplicatione
1645 568 1755 594 contra
1773 562 1957 608 multiplica..

1148 614 1202 640 tor
1221 609 1263 640 ad
1287 607 1444 640 unitatem
1458 608 1610 652 exprimit
1630 611 1787 644 rationem
1811 637 1821 650 ‚
1862 623 1958 657 quam

1148 654 1245 690 habet
1263 652 1388 698 fufium
1419 658 1459 689 ad
1480 658 1753 703 multiplicandum
1781 683 1790 699 ,
1815 659 1896 704 ficut
1923 663 1958 696 in

1149 703 1301 748 divifione
1325 704 1444 747 divzfhr
1456 706 1497 739 ad
1521 708 1679 742 unitatem
1699 709 1856 745 rationem
1874 713 1956 746 <iivi-

1148 755 1239 789 dendi
1258 755 1297 787 ad
1323 763 1452 800 quotum
1478 778 1487 792 ‚
1523 757 1662 803 adeoque
1689 768 1764 804 opus
1792 772 1852 794 non
1873 759 1914 799 est
1942 783 1955 802 ,

1104 828 1107 840 .
1149 812 1186 837 ut
1211 803 1324 849 multip
1337 806 1438 838 icatur
1465 807 1700 851 multiplicando
1720 809 1761 843 (φ
1785 807 1871 852 fufio
1884 832 1893 847 ‚
1908 812 1955 846 di-

1147 852 1233 895 τῶν
1259 854 1429 888 dividendo
1458 855 1501 890 (φ
1532 864 1628 901 quoto
1660 856 1703 901 fit
1736 858 1954 903 homogeneus„

1146 902 1270 948 §Quodfi
1297 903 1415 947 divisor
1429 903 1638 948 consideretur
1655 915 1807 953 tanquam
1819 918 1894 954 pars
1911 912 1955 944 di-

1146 953 1275 987 videndi
1289 974 1301 993 ,
1328 964 1368 987 ex
1379 953 1470 988 ditiis
1487 952 1604 993 constat
1617 977 1628 995 ‚
1655 957 1818 995 divisorem
1840 957 1895 1004 esse
1907 960 1956 993 di.

1146 1004 1282 1037 videndo
1298 1004 1521 1047 homogeneum
1537 1016 1544 1035 ε
1559 1004 1609 1043 [ed
1627 1014 1695 1040 tum
1709 1017 1821 1052 quotus
1844 1033 1862 1046 ‚,
1898 1010 1955 1054 qui

1145 1054 1266 1087 indicat
1280 1078 1291 1091 ‚
1310 1055 1432 1099 quoties
1445 1062 1522 1099 pars
1543 1051 1601 1091 isla
1616 1066 1654 1089 ex
1662 1055 1719 1098 suo
1744 1064 1813 1090 toto
1826 1054 1954 1100 auferri

1141 1100 1242 1149 potest
1258 1128 1267 1141 ‚
1297 1116 1351 1137 nec
1366 1104 1531 1137 dividendo
1548 1128 1558 1141 ‚
1587 1115 1641 1138 nec
1661 1105 1794 1148 divisori
1811 1106 1953 1152 homoge„

1144 1164 1228 1187 neus.
1281 1154 1408 1197 Singula
1428 1158 1483 1194 Juo
1498 1152 1562 1187 loco
1582 1154 1699 1189 clarius
1717 1156 1885 1200 patebunt.

1263 1204 1683 1245 HrPOTHEsls
1744 1206 1827 1244 XI.

1203 1275 1271 1315 71.
1293 1263 1442 1318 Signum
1457 1267 1649 1318 divisionis
1651 1266 1742 1319 sunt
1760 1270 1827 1307 duo
1837 1282 1946 1323 punc-

1143 1335 1183 1361 ta
1211 1323 1287 1374 (1),
1321 1335 1463 1377 ιμικμν
1494 1322 1649 1363 divisum
1680 1324 1799 1380 fferri
1815 1328 1947 1379 solent.

1142 1383 1184 1420 E.
1218 1395 1273 1434 gr.
1296 1389 1317 1424 8
1331 1398 1339 1419 :
1353 1392 1378 1426 4
1393 1381 1548 1420 denotat
1566 1394 1726 1435 quotum
1744 1398 1792 1424 ex
1806 1385 1948 1427 divifio-

1142 1452 1190 1477 ne
1222 1446 1243 1482 8
1260 1452 1364 1492 per4
1395 1451 1659 1492 emergentem.
1698 1442 1872 1482 Similiter
1892 1461 1916 1484 a
1933 1465 1944 1484 .·
1989 1478 1994 1482 .

1140 1498 1163 1537 b
1181 1497 1231 1536 est
1250 1509 1387 1550 quotus
1406 1510 1452 1536 cx
1471 1496 1648 1537 divisione
1667 1515 1692 1538 a
1717 1514 1783 1554 per
1813 1503 1834 1541 b
1863 1516 1947 1556 pro-

1140 1555 1269 1598 diens„

1271 1615 1622 1657 DEF1N1T10
1684 1619 1822 1657 XXX.

1197 1699 1268 1740 72.
1308 1686 1496 1729 Numerus
1517 1703 1591 1743 par
1617 1692 1668 1731 est
1696 1721 1709 1738 ,
1761 1694 1824 1746 qui
1856 1693 1947 1736 bea-

1140 1748 1230 1788 riam
1259 1747 1333 1786 five
1357 1762 1422 1801 per
1454 1757 1476 1790 2
1509 1748 1626 1788 dividi
1651 1751 1801 1804 potest3
1832 1765 1871 1793 ut
1895 1765 1943 1801 4,
1987 1744 1991 1753 ⁸

1146 1815 1192 1849 12
1211 1835 1223 1854 2
1259 1813 1320 1849 16-

1250 1867 1327 1905 DE
1353 1876 1599 1908 FlNl'slo
1662 1870 1830 1909 XXXI.

1197 1950 1265 1991 73.
1296 1939 1483 1982 Numerus
1501 1947 1619 1996 impar
1636 1944 1686 1982 est
1708 1973 1719 1990 ,
1748 1946 1812 1999 qui
1842 1959 1863 1986 a
1880 1960 1943 2000 pa-

1136 1998 1166 2038 ri
1199 1999 1339 2039 unitate
1353 1999 1496 2045 differt,
1530 2012 1569 2040 ut
1603 2014 1622 2052 3
1659 2001 1784 2042 differt
1803 2005 1943 2047 unitate

1135 2065 1230 2103 22,
1259 2056 1348 2097 item
1379 2072 1401 2098 a
1438 2068 1477 2103 4.

1246 2118 1584 2159 DEFINITIO
1647 2121 1828 2161 XXXII.

1191 2195 1260 2235 74.
1286 2186 1474 2225 Numerus
1496 2186 1532 2226 A
1557 2195 1705 2237 metiri,
1744 2192 1801 2231 vel
1836 2193 1941 2242 juxta

236 2243 249 2283 (
265 2242 306 2281 ΑΥ.
321 2248 379 2275 61.
397 2254 414 2281 9
429 2243 440 2283 >
448 2258 460 2282 ;
473 2254 576 2276 omnes
601 2245 724 2278 omnino
731 2244 906 2286 summandi
917 2248 957 2280 ad
970 2259 1044 2281 ean·
1079 2254 1083 2277 ι
1131 2243 1223 2283 alios
1248 2260 1436 2284 numerare
1466 2245 1599 2286 dicitur
1622 2262 1814 2289 numerum
1845 2253 1893 2297 Β,
1913 2251 1938 2290 fi

236 2292 307 2326 dem
332 2292 490 2325 unitatem
512 2289 631 2334 referri
650 2293 661 2337 (
676 2295 717 2332 Ι.
739 2296 818 2335 10.)
835 2318 844 2331 ‚
862 2296 1042 2342 consequen-

235 2347 289 2374 ter
315 2340 495 2385 homogenei
512 2341 597 2376 inter
609 2341 642 2383 Je
663 2341 719 2385 effe
734 2342 869 2389 debent(
885 2347 926 2385 ὃ.
944 2355 957 2385 3
968 2357 998 2388 5.
1011 2345 1038 2389 ).

236 2389 404 2436 Qonium
426 2401 505 2424 vero
521 2399 615 2436 porro
627 2391 725 2437 liquet
741 2415 750 2428 ‚
780 2392 927 2433 summam
943 2420 953 2433 ,
974 2406 1040 2442 quae

232 2438 276 2481 fit
298 2451 338 2473 ex
361 2435 498 2473 aimeris
521 2441 747 2485 aggregandis,
773 2445 813 2477 ad
827 2446 956 2478 eandem
970 2456 1039 2479 cum

236 2486 305 2535 ipfis
327 2490 483 2528 unitatem
505 2487 624 2531 referri
635 2507 648 2533 ‚·
685 2489 901 2537 consequenter
925 2495 1038 2533 iisdem

1129 2316 1216 2342 eum
1234 2302 1284 2342 ita
1300 2302 1460 2349 dividit,
1505 2316 1544 2344 ut
1575 2319 1712 2359 quotus
1740 2307 1781 2347 fit
1811 2322 1938 2349 nume-

1132 2374 1192 2400 rus
1211 2361 1351 2414 integer
1384 2360 1459 2400 fine
1482 2361 1660 2405 fraffione
1683 2394 1694 2412 ‚
1729 2366 1788 2406 vel
1809 2366 1834 2405 fi
1862 2367 1939 2407 fue-

1133 2419 1178 2457 rit
1207 2433 1289 2473 pars
1318 2420 1393 2470 ejus
1416 2419 1594 2474 aliquota.
1658 2425 1713 2465 Ita
1740 2433 1762 2467 2
1790 2427 1940 2466 metitur

1134 2484 1155 2520 8
1177 2491 1242 2533 per
1261 2488 1300 2524 4.

1777 2544 1845 2584 DE
1864 2555 1881 2582 F
1901 2554 1933 2585 1-
