<?xml version="1.0" encoding="UTF-8"?>
<!DOCTYPE html PUBLIC "-//W3C//DTD XHTML 1.0 Transitional//EN"
    "http://www.w3.org/TR/xhtml1/DTD/xhtml1-transitional.dtd">
<html xmlns="http://www.w3.org/1999/xhtml" xml:lang="en" lang="en">
 <head>
  <title>
</title>
<meta http-equiv="Content-Type" content="text/html;charset=utf-8" />
  <meta name='ocr-system' content='tesseract 3.04.00' />
  <meta name='ocr-capabilities' content='ocr_page ocr_carea ocr_par ocr_line ocrx_word'/>
</head>
<body>
  <div class='ocr_page' id='page_1' title='image "./elementamatheseo01wolf_0021.png"; bbox 0 0 2101 2869; ppageno 0'>
   <div class='ocr_carea' id='block_1_1' title="bbox 612 149 1832 207">
    <p class='ocr_par' dir='ltr' id='par_1_1' title="bbox 612 149 1832 207">
     <span class='ocr_line' id='line_1_1' title="bbox 612 149 1832 207; baseline -0.004 0"><span class='ocrx_word' id='word_1_1' title='bbox 612 149 1832 207; x_wconf 79' lang='lat' dir='ltr'>PRAEFATJO.xv11</span> 
     </span>
    </p>
   </div>
   <div class='ocr_carea' id='block_1_2' title="bbox 153 260 1828 2414">
    <p class='ocr_par' dir='ltr' id='par_1_2' title="bbox 153 260 1828 2360">
     <span class='ocr_line' id='line_1_2' title="bbox 162 260 1824 340; baseline -0.009 -11"><span class='ocrx_word' id='word_1_2' title='bbox 162 274 304 330; x_wconf 82' lang='lat' dir='ltr'>versae</span> <span class='ocrx_word' id='word_1_3' title='bbox 350 270 631 327; x_wconf 83' lang='lat' dir='ltr'>Elementa,</span> <span class='ocrx_word' id='word_1_4' title='bbox 689 287 797 340; x_wconf 83' lang='lat' dir='ltr'>quae</span> <span class='ocrx_word' id='word_1_5' title='bbox 836 267 895 319; x_wconf 90' lang='lat' dir='ltr'>ad</span> <span class='ocrx_word' id='word_1_6' title='bbox 951 265 1051 318; x_wconf 87' lang='lat' dir='ltr'>illas</span> <span class='ocrx_word' id='word_1_7' title='bbox 1090 262 1491 336; x_wconf 87' lang='lat' dir='ltr'>consequendum</span> <span class='ocrx_word' id='word_1_8' title='bbox 1538 260 1824 330; x_wconf 85' lang='lat' dir='ltr'>sufficerent;</span> 
     </span>
     <span class='ocr_line' id='line_1_3' title="bbox 163 338 1828 414; baseline -0.009 -10"><span class='ocrx_word' id='word_1_9' title='bbox 163 372 274 406; x_wconf 79' lang='lat' dir='ltr'>ante</span> <span class='ocrx_word' id='word_1_10' title='bbox 324 346 582 401; x_wconf 84' lang='lat' dir='ltr'>triennium</span> <span class='ocrx_word' id='word_1_11' title='bbox 634 346 872 397; x_wconf 77' lang='lat' dir='ltr'>idiomate</span> <span class='ocrx_word' id='word_1_12' title='bbox 913 346 1065 414; x_wconf 89' lang='lat' dir='ltr'>patrio</span> <span class='ocrx_word' id='word_1_13' title='bbox 1104 342 1353 395; x_wconf 76' lang='lat' dir='ltr'>Elementa</span> <span class='ocrx_word' id='word_1_14' title='bbox 1410 338 1695 392; x_wconf 87' lang='lat' dir='ltr'>Matheseos‘</span> <span class='ocrx_word' id='word_1_15' title='bbox 1728 340 1828 392; x_wconf 90' lang='lat' dir='ltr'>uni</span> 
     </span>
     <span class='ocr_line' id='line_1_4' title="bbox 165 416 1823 496; baseline -0.008 -14"><span class='ocrx_word' id='word_1_16' title='bbox 165 428 298 482; x_wconf 86' lang='lat' dir='ltr'>versae</span> <span class='ocrx_word' id='word_1_17' title='bbox 339 423 558 496; x_wconf 84' lang='lat' dir='ltr'>publici</span> <span class='ocrx_word' id='word_1_18' title='bbox 545 423 656 495; x_wconf 81' lang='lat' dir='ltr'>Juris</span> <span class='ocrx_word' id='word_1_19' title='bbox 677 423 791 486; x_wconf 79' lang='lat' dir='ltr'>feci,</span> <span class='ocrx_word' id='word_1_20' title='bbox 834 423 882 474; x_wconf 90' lang='lat' dir='ltr'>in</span> <span class='ocrx_word' id='word_1_21' title='bbox 916 420 1090 494; x_wconf 86' lang='lat' dir='ltr'>quibus</span> <span class='ocrx_word' id='word_1_22' title='bbox 1123 440 1176 472; x_wconf 88' lang='lat' dir='ltr'>ea</span> <span class='ocrx_word' id='word_1_23' title='bbox 1219 418 1520 490; x_wconf 71' lang='lat' dir='ltr'>potissimum</span> <span class='ocrx_word' id='word_1_24' title='bbox 1551 416 1823 487; x_wconf 80' lang='lat' dir='ltr'>explanavi</span> 
     </span>
     <span class='ocr_line' id='line_1_5' title="bbox 159 495 1826 577; baseline -0.006 -21"><span class='ocrx_word' id='word_1_25' title='bbox 159 525 267 577; x_wconf 84' lang='lat' dir='ltr'>quae</span> <span class='ocrx_word' id='word_1_26' title='bbox 314 502 373 555; x_wconf 87' lang='lat' dir='ltr'>ad</span> <span class='ocrx_word' id='word_1_27' title='bbox 411 501 573 572; x_wconf 89' lang='lat' dir='ltr'>praxin</span> <span class='ocrx_word' id='word_1_28' title='bbox 604 501 840 557; x_wconf 89' lang='lat' dir='ltr'>tendunt,</span> <span class='ocrx_word' id='word_1_29' title='bbox 881 500 1104 571; x_wconf 83' lang='lat' dir='ltr'>adeoque</span> <span class='ocrx_word' id='word_1_30' title='bbox 1140 497 1346 550; x_wconf 86' lang='lat' dir='ltr'>theorias</span> <span class='ocrx_word' id='word_1_31' title='bbox 1383 495 1682 566; x_wconf 61' lang='lat' dir='ltr'>praetermisi,</span> <span class='ocrx_word' id='word_1_32' title='bbox 1712 515 1826 569; x_wconf 88' lang='lat' dir='ltr'>qua</span> 
     </span>
     <span class='ocr_line' id='line_1_6' title="bbox 160 572 1826 633; baseline -0.005 0"><span class='ocrx_word' id='word_1_33' title='bbox 160 601 268 633; x_wconf 86' lang='lat' dir='ltr'>rum</span> <span class='ocrx_word' id='word_1_34' title='bbox 305 599 408 632; x_wconf 87' lang='lat' dir='ltr'>non</span> <span class='ocrx_word' id='word_1_35' title='bbox 449 578 573 630; x_wconf 90' lang='lat' dir='ltr'>adeo</span> <span class='ocrx_word' id='word_1_36' title='bbox 613 578 890 631; x_wconf 86' lang='lat' dir='ltr'>manifestus</span> <span class='ocrx_word' id='word_1_37' title='bbox 924 578 987 629; x_wconf 85' lang='lat' dir='ltr'>est</span> <span class='ocrx_word' id='word_1_38' title='bbox 1030 576 1150 628; x_wconf 87' lang='lat' dir='ltr'>usus.</span> <span class='ocrx_word' id='word_1_39' title='bbox 1221 579 1358 628; x_wconf 88' lang='lat' dir='ltr'>Dum</span> <span class='ocrx_word' id='word_1_40' title='bbox 1395 573 1512 626; x_wconf 84' lang='lat' dir='ltr'>liber</span> <span class='ocrx_word' id='word_1_41' title='bbox 1552 572 1711 626; x_wconf 86' lang='lat' dir='ltr'>adhuc</span> <span class='ocrx_word' id='word_1_42' title='bbox 1740 572 1826 626; x_wconf 91' lang='lat' dir='ltr'>sub</span> 
     </span>
     <span class='ocr_line' id='line_1_7' title="bbox 160 653 1824 730; baseline -0.004 -20"><span class='ocrx_word' id='word_1_43' title='bbox 160 658 303 730; x_wconf 79' lang='lat' dir='ltr'>praelo</span> <span class='ocrx_word' id='word_1_44' title='bbox 358 656 596 714; x_wconf 86' lang='lat' dir='ltr'>sudabat,</span> <span class='ocrx_word' id='word_1_45' title='bbox 646 655 851 728; x_wconf 83' lang='lat' dir='ltr'>contigit</span> <span class='ocrx_word' id='word_1_46' title='bbox 908 672 962 706; x_wconf 91' lang='lat' dir='ltr'>ut</span> <span class='ocrx_word' id='word_1_47' title='bbox 999 653 1143 706; x_wconf 90' lang='lat' dir='ltr'>multi</span> <span class='ocrx_word' id='word_1_48' title='bbox 1184 653 1396 706; x_wconf 87' lang='lat' dir='ltr'>eundem</span> <span class='ocrx_word' id='word_1_49' title='bbox 1428 669 1730 722; x_wconf 83' lang='lat' dir='ltr'>expeterent:</span> <span class='ocrx_word' id='word_1_50' title='bbox 1791 654 1824 714; x_wconf 88' lang='lat'><strong>†</strong></span> 
     </span>
     <span class='ocr_line' id='line_1_8' title="bbox 160 728 1828 808; baseline -0.004 -21"><span class='ocrx_word' id='word_1_51' title='bbox 160 755 264 808; x_wconf 90' lang='lat' dir='ltr'>quo</span> <span class='ocrx_word' id='word_1_52' title='bbox 316 734 415 805; x_wconf 89' lang='lat' dir='ltr'>ipso</span> <span class='ocrx_word' id='word_1_53' title='bbox 459 734 699 786; x_wconf 67' lang='lat' dir='ltr'>adductus</span> <span class='ocrx_word' id='word_1_54' title='bbox 734 731 1010 803; x_wconf 84' lang='lat' dir='ltr'>Bibliopola</span> <span class='ocrx_word' id='word_1_55' title='bbox 1052 730 1375 787; x_wconf 86' lang='lat' dir='ltr'>defiderabat,</span> <span class='ocrx_word' id='word_1_56' title='bbox 1432 747 1486 782; x_wconf 90' lang='lat' dir='ltr'>ut</span> <span class='ocrx_word' id='word_1_57' title='bbox 1524 730 1737 782; x_wconf 91' lang='lat' dir='ltr'>eundem</span> <span class='ocrx_word' id='word_1_58' title='bbox 1775 728 1828 781; x_wconf 82' lang='lat' dir='ltr'>in</span> 
     </span>
     <span class='ocr_line' id='line_1_9' title="bbox 160 805 1824 881; baseline -0.004 -16"><span class='ocrx_word' id='word_1_59' title='bbox 160 815 434 865; x_wconf 80' lang='lat' dir='ltr'>sermonem</span> <span class='ocrx_word' id='word_1_60' title='bbox 484 812 712 864; x_wconf 87' lang='lat' dir='ltr'>Latinum</span> <span class='ocrx_word' id='word_1_61' title='bbox 759 809 1158 862; x_wconf 84' lang='lat' dir='ltr'>transfunderem</span> <span class='ocrx_word' id='word_1_62' title='bbox 1259 809 1414 880; x_wconf 85' lang='lat' dir='ltr'>Hujus</span> <span class='ocrx_word' id='word_1_63' title='bbox 1456 826 1551 881; x_wconf 86' lang='lat' dir='ltr'>ego</span> <span class='ocrx_word' id='word_1_64' title='bbox 1593 805 1824 860; x_wconf 82' lang='lat' dir='ltr'>desiderio</span> 
     </span>
     <span class='ocr_line' id='line_1_10' title="bbox 160 884 1827 960; baseline -0.003 -18"><span class='ocrx_word' id='word_1_65' title='bbox 160 908 372 943; x_wconf 82' lang='lat' dir='ltr'>annuens</span> <span class='ocrx_word' id='word_1_66' title='bbox 415 887 600 940; x_wconf 88' lang='lat' dir='ltr'>bonam</span> <span class='ocrx_word' id='word_1_67' title='bbox 639 891 737 960; x_wconf 87' lang='lat' dir='ltr'>jam</span> <span class='ocrx_word' id='word_1_68' title='bbox 781 887 936 958; x_wconf 83' lang='lat' dir='ltr'>operis</span> <span class='ocrx_word' id='word_1_69' title='bbox 984 906 1169 958; x_wconf 87' lang='lat' dir='ltr'>partem</span> <span class='ocrx_word' id='word_1_70' title='bbox 1216 884 1385 939; x_wconf 86' lang='lat' dir='ltr'>habitu</span> <span class='ocrx_word' id='word_1_71' title='bbox 1425 892 1658 939; x_wconf 84' lang='lat' dir='ltr'>Romano</span> <span class='ocrx_word' id='word_1_72' title='bbox 1688 884 1827 937; x_wconf 89' lang='lat' dir='ltr'>indu-</span> 
     </span>
     <span class='ocr_line' id='line_1_11' title="bbox 161 962 1821 1037; baseline -0.002 -18"><span class='ocrx_word' id='word_1_73' title='bbox 161 985 264 1020; x_wconf 87' lang='lat' dir='ltr'>tam</span> <span class='ocrx_word' id='word_1_74' title='bbox 307 964 449 1037; x_wconf 48' lang='lat' dir='ltr'>praelo</span> <span class='ocrx_word' id='word_1_75' title='bbox 496 966 872 1023; x_wconf 87' lang='lat' dir='ltr'>destinaveram,</span> <span class='ocrx_word' id='word_1_76' title='bbox 924 984 1039 1018; x_wconf 89' lang='lat' dir='ltr'>cum</span> <span class='ocrx_word' id='word_1_77' title='bbox 1083 963 1347 1018; x_wconf 84' lang='lat' dir='ltr'>consultius</span> <span class='ocrx_word' id='word_1_78' title='bbox 1385 962 1503 1015; x_wconf 89' lang='lat' dir='ltr'>mihi</span> <span class='ocrx_word' id='word_1_79' title='bbox 1551 963 1821 1020; x_wconf 84' lang='lat' dir='ltr'>videretur,</span> 
     </span>
     <span class='ocr_line' id='line_1_12' title="bbox 160 1041 1825 1128; baseline -0.002 -32"><span class='ocrx_word' id='word_1_80' title='bbox 160 1045 194 1096; x_wconf 85' lang='lat' dir='ltr'>fi</span> <span class='ocrx_word' id='word_1_81' title='bbox 235 1042 493 1096; x_wconf 82' lang='lat' dir='ltr'>theoretica</span> <span class='ocrx_word' id='word_1_82' title='bbox 537 1043 728 1096; x_wconf 85' lang='lat' dir='ltr'>uberius</span> <span class='ocrx_word' id='word_1_83' title='bbox 772 1062 1153 1128; x_wconf 86' lang='lat' dir='ltr'>exponerentur,</span> <span class='ocrx_word' id='word_1_84' title='bbox 1214 1061 1366 1116; x_wconf 88' lang='lat' dir='ltr'>quam</span> <span class='ocrx_word' id='word_1_85' title='bbox 1422 1041 1472 1092; x_wconf 88' lang='lat' dir='ltr'>in</span> <span class='ocrx_word' id='word_1_86' title='bbox 1509 1046 1669 1112; x_wconf 89' lang='lat' dir='ltr'>Opere</span> <span class='ocrx_word' id='word_1_87' title='bbox 1711 1045 1825 1094; x_wconf 87' lang='lat' dir='ltr'>Ger-</span> 
     </span>
     <span class='ocr_line' id='line_1_13' title="bbox 160 1117 1821 1193; baseline -0.001 -21"><span class='ocrx_word' id='word_1_88' title='bbox 160 1120 354 1174; x_wconf 89' lang='lat' dir='ltr'>manico</span> <span class='ocrx_word' id='word_1_89' title='bbox 393 1120 453 1173; x_wconf 90' lang='lat' dir='ltr'>ad</span> <span class='ocrx_word' id='word_1_90' title='bbox 488 1121 758 1192; x_wconf 88' lang='lat' dir='ltr'>juvandum</span> <span class='ocrx_word' id='word_1_91' title='bbox 805 1120 988 1191; x_wconf 87' lang='lat' dir='ltr'>primos</span> <span class='ocrx_word' id='word_1_92' title='bbox 1036 1138 1271 1193; x_wconf 82' lang='lat' dir='ltr'>tyronum</span> <span class='ocrx_word' id='word_1_93' title='bbox 1306 1137 1508 1172; x_wconf 89' lang='lat' dir='ltr'>conatus</span> <span class='ocrx_word' id='word_1_94' title='bbox 1545 1117 1821 1189; x_wconf 85' lang='lat' dir='ltr'>composito</span> 
     </span>
     <span class='ocr_line' id='line_1_14' title="bbox 159 1186 1821 1270; baseline -0.002 -20"><span class='ocrx_word' id='word_1_95' title='bbox 159 1198 257 1250; x_wconf 88' lang='lat' dir='ltr'>fieri</span> <span class='ocrx_word' id='word_1_96' title='bbox 311 1219 391 1270; x_wconf 86' lang='lat' dir='ltr'>par</span> <span class='ocrx_word' id='word_1_97' title='bbox 448 1218 575 1257; x_wconf 86' lang='lat' dir='ltr'>erat,</span> <span class='ocrx_word' id='word_1_98' title='bbox 630 1217 683 1251; x_wconf 90' lang='lat' dir='ltr'>ut</span> <span class='ocrx_word' id='word_1_99' title='bbox 723 1200 953 1251; x_wconf 88' lang='lat' dir='ltr'>Latinum</span> <span class='ocrx_word' id='word_1_100' title='bbox 1008 1186 1177 1251; x_wconf 71' lang='lat' dir='ltr'>scilicet</span> <span class='ocrx_word' id='word_1_101' title='bbox 1234 1197 1380 1250; x_wconf 88' lang='lat' dir='ltr'>etiam</span> <span class='ocrx_word' id='word_1_102' title='bbox 1433 1195 1712 1249; x_wconf 78' lang='lat' dir='ltr'>satisfaceret</span> <span class='ocrx_word' id='word_1_103' title='bbox 1759 1195 1821 1249; x_wconf 88' lang='lat' dir='ltr'>ad</span> 
     </span>
     <span class='ocr_line' id='line_1_15' title="bbox 159 1274 1819 1350; baseline -0.001 -23"><span class='ocrx_word' id='word_1_104' title='bbox 159 1275 434 1328; x_wconf 87' lang='lat' dir='ltr'>sublimiora</span> <span class='ocrx_word' id='word_1_105' title='bbox 470 1275 793 1329; x_wconf 87' lang='lat' dir='ltr'>tendentibus.</span> <span class='ocrx_word' id='word_1_106' title='bbox 877 1280 1002 1345; x_wconf 80' lang='lat' dir='ltr'>Qae</span> <span class='ocrx_word' id='word_1_107' title='bbox 1050 1276 1193 1350; x_wconf 81' lang='lat' dir='ltr'>igitur</span> <span class='ocrx_word' id='word_1_108' title='bbox 1228 1277 1447 1328; x_wconf 87' lang='lat' dir='ltr'>sermone</span> <span class='ocrx_word' id='word_1_109' title='bbox 1489 1274 1663 1327; x_wconf 89' lang='lat' dir='ltr'>Latino</span> <span class='ocrx_word' id='word_1_110' title='bbox 1711 1293 1819 1344; x_wconf 90' lang='lat' dir='ltr'>pro-</span> 
     </span>
     <span class='ocr_line' id='line_1_16' title="bbox 158 1351 1820 1423; baseline -0.001 -18"><span class='ocrx_word' id='word_1_111' title='bbox 158 1353 309 1406; x_wconf 89' lang='lat' dir='ltr'>deunt</span> <span class='ocrx_word' id='word_1_112' title='bbox 346 1354 591 1406; x_wconf 81' lang='lat' dir='ltr'>Elementa</span> <span class='ocrx_word' id='word_1_113' title='bbox 614 1394 625 1411; x_wconf 91' lang='lat'>‚</span> <span class='ocrx_word' id='word_1_114' title='bbox 666 1352 693 1407; x_wconf 74' lang='lat' dir='ltr'>a</span> <span class='ocrx_word' id='word_1_115' title='bbox 730 1353 1024 1408; x_wconf 85' lang='lat' dir='ltr'>Germanicis</span> <span class='ocrx_word' id='word_1_116' title='bbox 1061 1353 1276 1406; x_wconf 89' lang='lat' dir='ltr'>multum</span> <span class='ocrx_word' id='word_1_117' title='bbox 1315 1351 1545 1404; x_wconf 85' lang='lat' dir='ltr'>differunt</span> <span class='ocrx_word' id='word_1_118' title='bbox 1582 1370 1820 1423; x_wconf 87' lang='lat' dir='ltr'>novoqne</span> 
     </span>
     <span class='ocr_line' id='line_1_17' title="bbox 158 1427 1821 1504; baseline -0.002 -21"><span class='ocrx_word' id='word_1_119' title='bbox 158 1431 326 1495; x_wconf 71' lang='lat' dir='ltr'>ordine</span> <span class='ocrx_word' id='word_1_120' title='bbox 363 1431 539 1504; x_wconf 79' lang='lat' dir='ltr'>digesta</span> <span class='ocrx_word' id='word_1_121' title='bbox 581 1433 701 1484; x_wconf 88' lang='lat' dir='ltr'>sunt.</span> <span class='ocrx_word' id='word_1_122' title='bbox 776 1436 829 1484; x_wconf 87' lang='lat' dir='ltr'>ln</span> <span class='ocrx_word' id='word_1_123' title='bbox 870 1431 923 1483; x_wconf 82' lang='lat' dir='ltr'>iis</span> <span class='ocrx_word' id='word_1_124' title='bbox 962 1431 1262 1484; x_wconf 82' lang='lat' dir='ltr'>elaborandis</span> <span class='ocrx_word' id='word_1_125' title='bbox 1301 1449 1493 1483; x_wconf 83' lang='lat' dir='ltr'>tantum</span> <span class='ocrx_word' id='word_1_126' title='bbox 1531 1449 1686 1500; x_wconf 66' lang='lat' dir='ltr'>operte</span> <span class='ocrx_word' id='word_1_127' title='bbox 1716 1427 1821 1482; x_wconf 87' lang='lat' dir='ltr'>col-</span> 
     </span>
     <span class='ocr_line' id='line_1_18' title="bbox 157 1506 1820 1582; baseline -0.001 -23"><span class='ocrx_word' id='word_1_128' title='bbox 157 1508 315 1561; x_wconf 90' lang='lat' dir='ltr'>locare</span> <span class='ocrx_word' id='word_1_129' title='bbox 354 1529 455 1559; x_wconf 88' lang='lat' dir='ltr'>non</span> <span class='ocrx_word' id='word_1_130' title='bbox 516 1509 678 1567; x_wconf 90' lang='lat' dir='ltr'>licuit,</span> <span class='ocrx_word' id='word_1_131' title='bbox 728 1527 971 1582; x_wconf 89' lang='lat' dir='ltr'>quantum</span> <span class='ocrx_word' id='word_1_132' title='bbox 1008 1529 1131 1580; x_wconf 85' lang='lat' dir='ltr'>opus</span> <span class='ocrx_word' id='word_1_133' title='bbox 1174 1508 1438 1562; x_wconf 88' lang='lat' dir='ltr'>istiusmodi</span> <span class='ocrx_word' id='word_1_134' title='bbox 1476 1507 1710 1581; x_wconf 86' lang='lat' dir='ltr'>requirere</span> <span class='ocrx_word' id='word_1_135' title='bbox 1745 1506 1820 1560; x_wconf 87' lang='lat' dir='ltr'>vi-</span> 
     </span>
     <span class='ocr_line' id='line_1_19' title="bbox 156 1585 1814 1672; baseline -0.001 -35"><span class='ocrx_word' id='word_1_136' title='bbox 156 1585 371 1639; x_wconf 88' lang='lat' dir='ltr'>debatur.</span> <span class='ocrx_word' id='word_1_137' title='bbox 454 1593 771 1660; x_wconf 72' lang='lat' dir='ltr'>Praeterquam</span> <span class='ocrx_word' id='word_1_138' title='bbox 807 1607 937 1639; x_wconf 82' lang='lat' dir='ltr'>enim</span> <span class='ocrx_word' id='word_1_139' title='bbox 978 1587 1116 1672; x_wconf 90' lang='lat' dir='ltr'>quod</span> <span class='ocrx_word' id='word_1_140' title='bbox 1150 1588 1255 1644; x_wconf 85' lang='lat' dir='ltr'>sex,</span> <span class='ocrx_word' id='word_1_141' title='bbox 1295 1585 1560 1638; x_wconf 88' lang='lat' dir='ltr'>minimum</span> <span class='ocrx_word' id='word_1_142' title='bbox 1596 1603 1814 1658; x_wconf 84' lang='lat' dir='ltr'>qumque</span> 
     </span>
     <span class='ocr_line' id='line_1_20' title="bbox 154 1661 1815 1735; baseline -0.001 -21"><span class='ocrx_word' id='word_1_143' title='bbox 154 1682 237 1733; x_wconf 91' lang='lat' dir='ltr'>per</span> <span class='ocrx_word' id='word_1_144' title='bbox 287 1664 418 1716; x_wconf 86' lang='lat' dir='ltr'>diem</span> <span class='ocrx_word' id='word_1_145' title='bbox 464 1663 604 1717; x_wconf 83' lang='lat' dir='ltr'>horas</span> <span class='ocrx_word' id='word_1_146' title='bbox 650 1664 944 1718; x_wconf 65' lang='lat' dir='ltr'>instituendae</span> <span class='ocrx_word' id='word_1_147' title='bbox 996 1664 1233 1735; x_wconf 78' lang='lat' dir='ltr'>juventuti</span> <span class='ocrx_word' id='word_1_148' title='bbox 1273 1663 1568 1716; x_wconf 72' lang='lat' dir='ltr'>Academica:</span> <span class='ocrx_word' id='word_1_149' title='bbox 1606 1682 1721 1715; x_wconf 90' lang='lat' dir='ltr'>cum</span> <span class='ocrx_word' id='word_1_150' title='bbox 1764 1661 1815 1713; x_wconf 91' lang='lat' dir='ltr'>in</span> 
     </span>
     <span class='ocr_line' id='line_1_21' title="bbox 153 1738 1813 1814; baseline 0 -22"><span class='ocrx_word' id='word_1_151' title='bbox 153 1741 396 1796; x_wconf 85' lang='lat' dir='ltr'>Mathes1‚</span> <span class='ocrx_word' id='word_1_152' title='bbox 438 1759 546 1794; x_wconf 85' lang='lat' dir='ltr'>tum</span> <span class='ocrx_word' id='word_1_153' title='bbox 585 1742 633 1794; x_wconf 87' lang='lat' dir='ltr'>in</span> <span class='ocrx_word' id='word_1_154' title='bbox 684 1741 985 1813; x_wconf 76' lang='lat' dir='ltr'>Philosophia</span> <span class='ocrx_word' id='word_1_155' title='bbox 1032 1742 1349 1814; x_wconf 70' lang='lat' dir='ltr'>impendam3</span> <span class='ocrx_word' id='word_1_156' title='bbox 1401 1741 1524 1793; x_wconf 85' lang='lat' dir='ltr'>varia</span> <span class='ocrx_word' id='word_1_157' title='bbox 1570 1738 1813 1793; x_wconf 85' lang='lat' dir='ltr'>obstacula</span> 
     </span>
     <span class='ocr_line' id='line_1_22' title="bbox 154 1817 1809 1893; baseline -0.001 -23"><span class='ocrx_word' id='word_1_158' title='bbox 154 1817 247 1870; x_wconf 86' lang='lat' dir='ltr'>alia</span> <span class='ocrx_word' id='word_1_159' title='bbox 299 1819 682 1890; x_wconf 88' lang='lat' dir='ltr'>impediverunt,</span> <span class='ocrx_word' id='word_1_160' title='bbox 733 1840 836 1893; x_wconf 89' lang='lat' dir='ltr'>quo</span> <span class='ocrx_word' id='word_1_161' title='bbox 894 1819 1055 1872; x_wconf 83' lang='lat' dir='ltr'>minus</span> <span class='ocrx_word' id='word_1_162' title='bbox 1104 1820 1275 1872; x_wconf 84' lang='lat' dir='ltr'>omnia</span> <span class='ocrx_word' id='word_1_163' title='bbox 1331 1839 1386 1870; x_wconf 85' lang='lat' dir='ltr'>ex</span> <span class='ocrx_word' id='word_1_164' title='bbox 1445 1837 1566 1871; x_wconf 87' lang='lat' dir='ltr'>voto</span> <span class='ocrx_word' id='word_1_165' title='bbox 1629 1817 1809 1870; x_wconf 88' lang='lat' dir='ltr'>fierent.</span> 
     </span>
     <span class='ocr_line' id='line_1_23' title="bbox 156 1895 1812 1970; baseline -0.001 -22"><span class='ocrx_word' id='word_1_166' title='bbox 156 1896 412 1965; x_wconf 83' lang='lat' dir='ltr'>Qoniam</span> <span class='ocrx_word' id='word_1_167' title='bbox 460 1896 691 1949; x_wconf 87' lang='lat' dir='ltr'>nimirum</span> <span class='ocrx_word' id='word_1_168' title='bbox 735 1896 1038 1967; x_wconf 81' lang='lat' dir='ltr'>Bibliopola,</span> <span class='ocrx_word' id='word_1_169' title='bbox 1089 1898 1174 1970; x_wconf 87' lang='lat' dir='ltr'>qui</span> <span class='ocrx_word' id='word_1_170' title='bbox 1213 1897 1400 1969; x_wconf 79' lang='lat' dir='ltr'>aliquos</span> <span class='ocrx_word' id='word_1_171' title='bbox 1450 1900 1548 1967; x_wconf 81' lang='lat' dir='ltr'>jam</span> <span class='ocrx_word' id='word_1_172' title='bbox 1596 1895 1812 1966; x_wconf 83' lang='lat' dir='ltr'>sumptus</span> 
     </span>
     <span class='ocr_line' id='line_1_24' title="bbox 153 1972 1814 2046; baseline 0 -22"><span class='ocrx_word' id='word_1_173' title='bbox 153 1972 203 2025; x_wconf 92' lang='lat' dir='ltr'>in</span> <span class='ocrx_word' id='word_1_174' title='bbox 238 1972 505 2027; x_wconf 86' lang='lat' dir='ltr'>editionem</span> <span class='ocrx_word' id='word_1_175' title='bbox 546 1975 716 2027; x_wconf 81' lang='lat' dir='ltr'>fecerat</span> <span class='ocrx_word' id='word_1_176' title='bbox 746 2010 759 2031; x_wconf 88' lang='lat'>‚</span> <span class='ocrx_word' id='word_1_177' title='bbox 809 1973 1010 2027; x_wconf 88' lang='lat' dir='ltr'>instabat</span> <span class='ocrx_word' id='word_1_178' title='bbox 1040 2014 1052 2032; x_wconf 84' lang='lat'>,</span> <span class='ocrx_word' id='word_1_179' title='bbox 1100 1993 1154 2028; x_wconf 90' lang='lat' dir='ltr'>ut</span> <span class='ocrx_word' id='word_1_180' title='bbox 1193 1994 1316 2046; x_wconf 82' lang='lat' dir='ltr'>opus</span> <span class='ocrx_word' id='word_1_181' title='bbox 1362 1992 1580 2044; x_wconf 89' lang='lat' dir='ltr'>coeptum</span> <span class='ocrx_word' id='word_1_182' title='bbox 1622 1972 1814 2045; x_wconf 89' lang='lat' dir='ltr'>perfice-</span> 
     </span>
     <span class='ocr_line' id='line_1_25' title="bbox 153 2050 1811 2126; baseline 0 -24"><span class='ocrx_word' id='word_1_183' title='bbox 153 2069 289 2116; x_wconf 78' lang='lat' dir='ltr'>rem3</span> <span class='ocrx_word' id='word_1_184' title='bbox 333 2050 539 2125; x_wconf 78' lang='lat' dir='ltr'>singulas</span> <span class='ocrx_word' id='word_1_185' title='bbox 581 2052 675 2104; x_wconf 92' lang='lat' dir='ltr'>fere</span> <span class='ocrx_word' id='word_1_186' title='bbox 716 2051 1064 2123; x_wconf 80' lang='lat' dir='ltr'>proposltiones</span> <span class='ocrx_word' id='word_1_187' title='bbox 1109 2052 1232 2126; x_wconf 86' lang='lat' dir='ltr'>typis</span> <span class='ocrx_word' id='word_1_188' title='bbox 1268 2050 1592 2103; x_wconf 81' lang='lat' dir='ltr'>describendas</span> <span class='ocrx_word' id='word_1_189' title='bbox 1631 2050 1811 2103; x_wconf 88' lang='lat' dir='ltr'>tradere</span> 
     </span>
     <span class='ocr_line' id='line_1_26' title="bbox 153 2127 1812 2201; baseline 0.002 -22"><span class='ocrx_word' id='word_1_190' title='bbox 153 2134 353 2180; x_wconf 55' lang='lat' dir='ltr'>coaetur</span> <span class='ocrx_word' id='word_1_191' title='bbox 385 2129 486 2186; x_wconf 88' lang='lat' dir='ltr'>fui,</span> <span class='ocrx_word' id='word_1_192' title='bbox 508 2131 921 2201; x_wconf 86' lang='lat' dir='ltr'>quamprimuma</span> <span class='ocrx_word' id='word_1_193' title='bbox 956 2149 1036 2182; x_wconf 89' lang='lat' dir='ltr'>me</span> <span class='ocrx_word' id='word_1_194' title='bbox 1071 2131 1121 2183; x_wconf 89' lang='lat' dir='ltr'>in</span> <span class='ocrx_word' id='word_1_195' title='bbox 1156 2129 1371 2183; x_wconf 84' lang='lat' dir='ltr'>chartam</span> <span class='ocrx_word' id='word_1_196' title='bbox 1395 2130 1626 2200; x_wconf 64' lang='lat' dir='ltr'>conjectat</span> <span class='ocrx_word' id='word_1_197' title='bbox 1657 2127 1812 2183; x_wconf 77' lang='lat' dir='ltr'>effent‚</span> 
     </span>
     <span class='ocr_line' id='line_1_27' title="bbox 153 2205 1815 2280; baseline -0.001 -23"><span class='ocrx_word' id='word_1_198' title='bbox 153 2205 422 2277; x_wconf 78' lang='lat' dir='ltr'>typothetis</span> <span class='ocrx_word' id='word_1_199' title='bbox 475 2206 642 2260; x_wconf 89' lang='lat' dir='ltr'>scilicet</span> <span class='ocrx_word' id='word_1_200' title='bbox 679 2207 900 2280; x_wconf 90' lang='lat' dir='ltr'>quotidie</span> <span class='ocrx_word' id='word_1_201' title='bbox 946 2207 1147 2278; x_wconf 86' lang='lat' dir='ltr'>pensum</span> <span class='ocrx_word' id='word_1_202' title='bbox 1193 2206 1539 2260; x_wconf 90' lang='lat' dir='ltr'>semidiurnum</span> <span class='ocrx_word' id='word_1_203' title='bbox 1585 2226 1612 2259; x_wconf 86' lang='lat' dir='ltr'>a</span> <span class='ocrx_word' id='word_1_204' title='bbox 1664 2222 1815 2258; x_wconf 86' lang='lat' dir='ltr'>manu</span> 
     </span>
     <span class='ocr_line' id='line_1_28' title="bbox 153 2282 1817 2360; baseline 0 -26"><span class='ocrx_word' id='word_1_205' title='bbox 153 2300 262 2334; x_wconf 85' lang='lat' dir='ltr'>mea</span> <span class='ocrx_word' id='word_1_206' title='bbox 307 2283 709 2354; x_wconf 61' lang='lat' dir='ltr'>exspectantibus,</span> <span class='ocrx_word' id='word_1_207' title='bbox 791 2284 981 2354; x_wconf 78' lang='lat' dir='ltr'>Qodsi</span> <span class='ocrx_word' id='word_1_208' title='bbox 1030 2304 1147 2360; x_wconf 81' lang='lat' dir='ltr'>ergo</span> <span class='ocrx_word' id='word_1_209' title='bbox 1184 2285 1409 2359; x_wconf 80' lang='lat' dir='ltr'>quaedam</span> <span class='ocrx_word' id='word_1_210' title='bbox 1434 2283 1484 2336; x_wconf 90' lang='lat' dir='ltr'>in</span> <span class='ocrx_word' id='word_1_211' title='bbox 1530 2282 1629 2337; x_wconf 89' lang='lat' dir='ltr'>hoc</span> <span class='ocrx_word' id='word_1_212' title='bbox 1673 2300 1817 2354; x_wconf 88' lang='lat' dir='ltr'>opere</span> 
     </span>
    </p>

    <p class='ocr_par' dir='ltr' id='par_1_3' title="bbox 229 2360 1823 2414">
     <span class='ocr_line' id='line_1_29' title="bbox 229 2360 1823 2414; baseline -0.001 -2"><span class='ocrx_word' id='word_1_213' title='bbox 229 2360 363 2412; x_wconf 80' lang='lat' dir='ltr'><em>Tom.</em></span> <span class='ocrx_word' id='word_1_214' title='bbox 409 2367 443 2414; x_wconf 87' lang='lat'>1.</span> <span class='ocrx_word' id='word_1_215' title='bbox 1067 2368 1190 2402; x_wconf 70' lang='lat'>***</span> <span class='ocrx_word' id='word_1_216' title='bbox 1741 2360 1823 2412; x_wconf 75' lang='lat' dir='ltr'>de-</span> 
     </span>
    </p>
   </div>
   <div class='ocr_carea' id='block_1_3' title="bbox 155 2511 1827 2618">
    <p class='ocr_par' dir='ltr' id='par_1_4' title="bbox 155 2511 1827 2618">
     <span class='ocr_line' id='line_1_30' title="bbox 204 2511 1827 2568; baseline 0 -16"><span class='ocrx_word' id='word_1_217' title='bbox 204 2513 231 2552; x_wconf 67' lang='grc' dir='ltr'>*ί*</span> <span class='ocrx_word' id='word_1_218' title='bbox 255 2511 420 2552; x_wconf 77' lang='lat' dir='ltr'>Elementa</span> <span class='ocrx_word' id='word_1_219' title='bbox 450 2516 504 2551; x_wconf 80' lang='lat' dir='ltr'>ista</span> <span class='ocrx_word' id='word_1_220' title='bbox 536 2516 732 2552; x_wconf 82' lang='lat' dir='ltr'>Germanica</span> <span class='ocrx_word' id='word_1_221' title='bbox 761 2519 803 2553; x_wconf 79' lang='lat' dir='ltr'>ab</span> <span class='ocrx_word' id='word_1_222' title='bbox 837 2531 877 2554; x_wconf 88' lang='lat' dir='ltr'>eo</span> <span class='ocrx_word' id='word_1_223' title='bbox 900 2528 1049 2567; x_wconf 83' lang='lat' dir='ltr'>tempore</span> <span class='ocrx_word' id='word_1_224' title='bbox 1074 2523 1142 2567; x_wconf 80' lang='lat' dir='ltr'>jam</span> <span class='ocrx_word' id='word_1_225' title='bbox 1172 2529 1290 2567; x_wconf 76' lang='lat' dir='ltr'>quarta</span> <span class='ocrx_word' id='word_1_226' title='bbox 1312 2520 1388 2557; x_wconf 83' lang='lat' dir='ltr'>vice</span> <span class='ocrx_word' id='word_1_227' title='bbox 1413 2519 1497 2568; x_wconf 77' lang='lat' dir='ltr'>typis</span> <span class='ocrx_word' id='word_1_228' title='bbox 1526 2516 1705 2566; x_wconf 74' lang='lat' dir='ltr'>rescripta,</span> <span class='ocrx_word' id='word_1_229' title='bbox 1729 2517 1766 2550; x_wconf 68' lang='grc' dir='ltr'>ὃ(</span> <span class='ocrx_word' id='word_1_230' title='bbox 1792 2511 1827 2548; x_wconf 66' lang='lat' dir='ltr'>in</span> 
     </span>
     <span class='ocr_line' id='line_1_31' title="bbox 155 2568 1080 2618; baseline 0.009 -21"><span class='ocrx_word' id='word_1_231' title='bbox 155 2568 389 2612; x_wconf 84' lang='lat' dir='ltr'>compendium</span> <span class='ocrx_word' id='word_1_232' title='bbox 416 2568 569 2606; x_wconf 57' lang='lat' dir='ltr'>tedam,</span> <span class='ocrx_word' id='word_1_233' title='bbox 597 2568 690 2614; x_wconf 89' lang='lat' dir='ltr'>quod</span> <span class='ocrx_word' id='word_1_234' title='bbox 716 2576 764 2605; x_wconf 89' lang='lat' dir='ltr'>tet</span> <span class='ocrx_word' id='word_1_235' title='bbox 785 2569 893 2605; x_wconf 85' lang='lat' dir='ltr'>lucem</span> <span class='ocrx_word' id='word_1_236' title='bbox 923 2568 1080 2618; x_wconf 84' lang='lat' dir='ltr'>adspexit.</span> 
     </span>
    </p>
   </div>
  </div>
 </body>
</html>
