<?xml version="1.0" encoding="UTF-8"?>
<!DOCTYPE html PUBLIC "-//W3C//DTD XHTML 1.0 Transitional//EN"
    "http://www.w3.org/TR/xhtml1/DTD/xhtml1-transitional.dtd">
<html xmlns="http://www.w3.org/1999/xhtml" xml:lang="en" lang="en">
 <head>
  <title>
</title>
<meta http-equiv="Content-Type" content="text/html;charset=utf-8" />
  <meta name='ocr-system' content='tesseract 3.04.00' />
  <meta name='ocr-capabilities' content='ocr_page ocr_carea ocr_par ocr_line ocrx_word'/>
</head>
<body>
  <div class='ocr_page' id='page_1' title='image "./elementamatheseo01wolf_0071.png"; bbox 0 0 2101 2869; ppageno 0'>
   <div class='ocr_carea' id='block_1_1' title="bbox 373 156 1862 220">
    <p class='ocr_par' dir='ltr' id='par_1_1' title="bbox 373 156 1862 220">
     <span class='ocr_line' id='line_1_1' title="bbox 373 156 1862 220; baseline -0.005 -15"><span class='ocrx_word' id='word_1_1' title='bbox 373 160 547 220; x_wconf 60' lang='lat' dir='ltr'>Capsu.</span> <span class='ocrx_word' id='word_1_2' title='bbox 608 159 701 201; x_wconf 84' lang='lat' dir='ltr'>DE·</span> <span class='ocrx_word' id='word_1_3' title='bbox 759 157 1125 201; x_wconf 78' lang='lat' dir='ltr'>NUMERls</span> <span class='ocrx_word' id='word_1_4' title='bbox 1185 156 1612 201; x_wconf 77' lang='lat' dir='ltr'>INTEGRrs,</span> <span class='ocrx_word' id='word_1_5' title='bbox 1808 173 1862 213; x_wconf 80' lang='lat'>43</span> 
     </span>
    </p>
   </div>
   <div class='ocr_carea' id='block_1_2' title="bbox 187 255 959 657">
    <p class='ocr_par' dir='ltr' id='par_1_2' title="bbox 187 255 959 657">
     <span class='ocr_line' id='line_1_2' title="bbox 187 255 951 312; baseline -0.018 -12"><span class='ocrx_word' id='word_1_6' title='bbox 187 262 293 312; x_wconf 82' lang='lat' dir='ltr'>qualis</span> <span class='ocrx_word' id='word_1_7' title='bbox 309 259 369 297; x_wconf 80' lang='lat' dir='ltr'>effe</span> <span class='ocrx_word' id='word_1_8' title='bbox 383 260 500 296; x_wconf 86' lang='lat' dir='ltr'>debeat</span> <span class='ocrx_word' id='word_1_9' title='bbox 511 257 557 293; x_wconf 89' lang='lat' dir='ltr'>rei</span> <span class='ocrx_word' id='word_1_10' title='bbox 572 267 706 294; x_wconf 61' lang='lat' dir='ltr'>nutura,</span> <span class='ocrx_word' id='word_1_11' title='bbox 736 268 764 290; x_wconf 88' lang='lat' dir='ltr'>e.</span> <span class='ocrx_word' id='word_1_12' title='bbox 782 267 832 304; x_wconf 83' lang='lat' dir='ltr'>gr.</span> <span class='ocrx_word' id='word_1_13' title='bbox 852 255 951 289; x_wconf 78' lang='lat' dir='ltr'>struc-</span> 
     </span>
     <span class='ocr_line' id='line_1_3' title="bbox 192 303 953 360; baseline -0.017 -9"><span class='ocrx_word' id='word_1_14' title='bbox 192 325 264 352; x_wconf 78' lang='lat' dir='ltr'>tura</span> <span class='ocrx_word' id='word_1_15' title='bbox 282 312 452 360; x_wconf 82' lang='lat' dir='ltr'>systematis</span> <span class='ocrx_word' id='word_1_16' title='bbox 470 307 627 343; x_wconf 84' lang='lat' dir='ltr'>mundani</span> <span class='ocrx_word' id='word_1_17' title='bbox 647 330 659 348; x_wconf 84' lang='lat'>,</span> <span class='ocrx_word' id='word_1_18' title='bbox 695 315 732 341; x_wconf 93' lang='lat' dir='ltr'>ut</span> <span class='ocrx_word' id='word_1_19' title='bbox 758 303 953 353; x_wconf 84' lang='lat' dir='ltr'>quibusdam</span> 
     </span>
     <span class='ocr_line' id='line_1_4' title="bbox 191 355 957 414; baseline -0.017 -14"><span class='ocrx_word' id='word_1_20' title='bbox 191 362 410 414; x_wconf 82' lang='lat' dir='ltr'>phaenomenis</span> <span class='ocrx_word' id='word_1_21' title='bbox 439 357 567 394; x_wconf 81' lang='lat' dir='ltr'>satisfiat</span> <span class='ocrx_word' id='word_1_22' title='bbox 590 384 600 397; x_wconf 89' lang='lat'><em>‚</em></span> <span class='ocrx_word' id='word_1_23' title='bbox 634 357 742 405; x_wconf 85' lang='lat' dir='ltr'>primo</span> <span class='ocrx_word' id='word_1_24' title='bbox 764 355 957 404; x_wconf 79' lang='lat' dir='ltr'>investigan-</span> 
     </span>
     <span class='ocr_line' id='line_1_5' title="bbox 187 406 956 454; baseline -0.014 -4"><span class='ocrx_word' id='word_1_25' title='bbox 187 417 289 453; x_wconf 80' lang='lat' dir='ltr'>dum3</span> <span class='ocrx_word' id='word_1_26' title='bbox 309 408 537 446; x_wconf 63' lang='lat' dir='ltr'>dein&#39;ulterius</span> <span class='ocrx_word' id='word_1_27' title='bbox 553 406 817 454; x_wconf 86' lang='lat' dir='ltr'>disquirendum,</span> <span class='ocrx_word' id='word_1_28' title='bbox 844 415 956 440; x_wconf 87' lang='lat' dir='ltr'>utrum</span> 
     </span>
     <span class='ocr_line' id='line_1_6' title="bbox 191 455 957 513; baseline -0.012 -14"><span class='ocrx_word' id='word_1_29' title='bbox 191 461 412 513; x_wconf 80' lang='lat' dir='ltr'>phaenomenis</span> <span class='ocrx_word' id='word_1_30' title='bbox 437 471 571 507; x_wconf 89' lang='lat' dir='ltr'>quoque</span> <span class='ocrx_word' id='word_1_31' title='bbox 593 456 724 505; x_wconf 88' lang='lat' dir='ltr'>reliquis</span> <span class='ocrx_word' id='word_1_32' title='bbox 750 455 878 492; x_wconf 80' lang='lat' dir='ltr'>satisfiat</span> <span class='ocrx_word' id='word_1_33' title='bbox 896 467 957 490; x_wconf 88' lang='lat' dir='ltr'>nec</span> 
     </span>
     <span class='ocr_line' id='line_1_7' title="bbox 191 505 958 560; baseline -0.012 -11"><span class='ocrx_word' id='word_1_34' title='bbox 191 527 243 549; x_wconf 88' lang='lat' dir='ltr'>ne.</span> <span class='ocrx_word' id='word_1_35' title='bbox 268 517 317 548; x_wconf 79' lang='lat' dir='ltr'>Ita</span> <span class='ocrx_word' id='word_1_36' title='bbox 337 510 359 546; x_wconf 84' lang='lat' dir='ltr'>fi</span> <span class='ocrx_word' id='word_1_37' title='bbox 390 511 587 560; x_wconf 77' lang='lat' dir='ltr'>contingat,</span> <span class='ocrx_word' id='word_1_38' title='bbox 620 521 681 543; x_wconf 89' lang='lat' dir='ltr'>nos</span> <span class='ocrx_word' id='word_1_39' title='bbox 696 508 729 542; x_wconf 94' lang='lat' dir='ltr'>in</span> <span class='ocrx_word' id='word_1_40' title='bbox 761 505 958 554; x_wconf 82' lang='lat' dir='ltr'><strong>hypothesin</strong></span> 
     </span>
     <span class='ocr_line' id='line_1_8' title="bbox 189 557 957 600; baseline -0.01 -2"><span class='ocrx_word' id='word_1_41' title='bbox 189 561 302 598; x_wconf 72' lang='lat' dir='ltr'>falsam</span> <span class='ocrx_word' id='word_1_42' title='bbox 327 562 469 598; x_wconf 82' lang='lat' dir='ltr'>incidere</span> <span class='ocrx_word' id='word_1_43' title='bbox 485 587 495 600; x_wconf 93' lang='lat'><em>‚</em></span> <span class='ocrx_word' id='word_1_44' title='bbox 519 573 591 595; x_wconf 86' lang='lat' dir='ltr'>eam</span> <span class='ocrx_word' id='word_1_45' title='bbox 614 557 739 594; x_wconf 73' lang='lat' dir='ltr'>facilius</span> <span class='ocrx_word' id='word_1_46' title='bbox 755 559 929 593; x_wconf 86' lang='lat' dir='ltr'>emendare</span> <span class='ocrx_word' id='word_1_47' title='bbox 945 580 957 595; x_wconf 92' lang='lat'><em>‚</em></span> 
     </span>
     <span class='ocr_line' id='line_1_9' title="bbox 190 606 959 657; baseline -0.009 -9"><span class='ocrx_word' id='word_1_48' title='bbox 190 626 291 657; x_wconf 83' lang='lat' dir='ltr'>quam</span> <span class='ocrx_word' id='word_1_49' title='bbox 317 625 355 648; x_wconf 86' lang='lat' dir='ltr'>ex</span> <span class='ocrx_word' id='word_1_50' title='bbox 383 610 571 646; x_wconf 74' lang='lat' dir='ltr'>simultanea</span> <span class='ocrx_word' id='word_1_51' title='bbox 600 609 750 644; x_wconf 86' lang='lat' dir='ltr'>omnium</span> <span class='ocrx_word' id='word_1_52' title='bbox 778 606 959 643; x_wconf 79' lang='lat' dir='ltr'>considera-</span> 
     </span>
    </p>
   </div>
   <div class='ocr_carea' id='block_1_3' title="bbox 190 656 962 711">
    <p class='ocr_par' dir='ltr' id='par_1_3' title="bbox 190 656 962 711">
     <span class='ocr_line' id='line_1_10' title="bbox 190 656 962 711; baseline -0.009 -13"><span class='ocrx_word' id='word_1_53' title='bbox 190 660 283 699; x_wconf 83' lang='lat' dir='ltr'>tione</span> <span class='ocrx_word' id='word_1_54' title='bbox 297 687 307 705; x_wconf 92' lang='lat'>‚</span> <span class='ocrx_word' id='word_1_55' title='bbox 325 663 429 711; x_wconf 83' lang='lat' dir='ltr'>prima</span> <span class='ocrx_word' id='word_1_56' title='bbox 441 662 547 697; x_wconf 84' lang='lat' dir='ltr'>statim</span> <span class='ocrx_word' id='word_1_57' title='bbox 561 662 651 698; x_wconf 86' lang='lat' dir='ltr'>vice,</span> <span class='ocrx_word' id='word_1_58' title='bbox 667 671 780 695; x_wconf 87' lang='lat' dir='ltr'>veram</span> <span class='ocrx_word' id='word_1_59' title='bbox 795 658 911 694; x_wconf 83' lang='lat' dir='ltr'>elicere</span> <span class='ocrx_word' id='word_1_60' title='bbox 925 656 962 692; x_wconf 85' lang='lat' dir='ltr'>li-</span> 
     </span>
    </p>
   </div>
   <div class='ocr_carea' id='block_1_4' title="bbox 191 707 961 913">
    <p class='ocr_par' dir='ltr' id='par_1_4' title="bbox 191 707 961 913">
     <span class='ocr_line' id='line_1_11' title="bbox 191 707 960 760; baseline -0.008 -12"><span class='ocrx_word' id='word_1_61' title='bbox 191 713 292 748; x_wconf 86' lang='lat' dir='ltr'>cebit.</span> <span class='ocrx_word' id='word_1_62' title='bbox 345 715 425 748; x_wconf 82' lang='lat' dir='ltr'>Haec</span> <span class='ocrx_word' id='word_1_63' title='bbox 448 712 560 760; x_wconf 79' lang='lat' dir='ltr'>regula</span> <span class='ocrx_word' id='word_1_64' title='bbox 599 712 632 746; x_wconf 89' lang='lat' dir='ltr'>in</span> <span class='ocrx_word' id='word_1_65' title='bbox 668 708 798 745; x_wconf 80' lang='lat' dir='ltr'>scientia</span> <span class='ocrx_word' id='word_1_66' title='bbox 823 707 960 744; x_wconf 83' lang='lat' dir='ltr'>naturali</span> 
     </span>
     <span class='ocr_line' id='line_1_12' title="bbox 192 759 960 799; baseline -0.01 0"><span class='ocrx_word' id='word_1_67' title='bbox 192 763 334 799; x_wconf 85' lang='lat' dir='ltr'>multum</span> <span class='ocrx_word' id='word_1_68' title='bbox 356 762 455 799; x_wconf 70' lang='lat' dir='ltr'>habet</span> <span class='ocrx_word' id='word_1_69' title='bbox 481 763 571 798; x_wconf 80' lang='lat' dir='ltr'>usum</span> <span class='ocrx_word' id='word_1_70' title='bbox 598 774 666 796; x_wconf 88' lang='lat' dir='ltr'>non</span> <span class='ocrx_word' id='word_1_71' title='bbox 691 760 797 795; x_wconf 83' lang='lat' dir='ltr'>minus</span> <span class='ocrx_word' id='word_1_72' title='bbox 812 760 845 794; x_wconf 88' lang='lat' dir='ltr'>in</span> <span class='ocrx_word' id='word_1_73' title='bbox 868 759 960 793; x_wconf 80' lang='lat' dir='ltr'>inve-</span> 
     </span>
     <span class='ocr_line' id='line_1_13' title="bbox 191 808 961 861; baseline -0.005 -12"><span class='ocrx_word' id='word_1_74' title='bbox 191 814 341 853; x_wconf 88' lang='lat' dir='ltr'>niendo,</span> <span class='ocrx_word' id='word_1_75' title='bbox 369 827 469 861; x_wconf 82' lang='lat' dir='ltr'>quam</span> <span class='ocrx_word' id='word_1_76' title='bbox 499 815 533 848; x_wconf 90' lang='lat' dir='ltr'>in</span> <span class='ocrx_word' id='word_1_77' title='bbox 562 812 700 849; x_wconf 87' lang='lat' dir='ltr'>aliorum</span> <span class='ocrx_word' id='word_1_78' title='bbox 723 808 961 858; x_wconf 77' lang='lat' dir='ltr'>hypothesibus</span> 
     </span>
     <span class='ocr_line' id='line_1_14' title="bbox 192 864 419 913; baseline 0.009 -15"><span class='ocrx_word' id='word_1_79' title='bbox 192 864 419 913; x_wconf 80' lang='lat' dir='ltr'>dijudicandis.</span> 
     </span>
    </p>
   </div>
   <div class='ocr_carea' id='block_1_5' title="bbox 142 973 870 990">
    <p class='ocr_par' dir='ltr' id='par_1_5' title="bbox 142 973 870 990">
     <span class='ocr_line' id='line_1_15' title="bbox 142 973 870 990; baseline 0 1879"><span class='ocrx_word' id='word_1_80' title='bbox 142 973 870 990; x_wconf 95' lang='lat' dir='ltr'> </span> 
     </span>
    </p>
   </div>
   <div class='ocr_carea' id='block_1_6' title="bbox 1039 254 1866 505">
    <p class='ocr_par' dir='ltr' id='par_1_6' title="bbox 1039 254 1866 505">
     <span class='ocr_line' id='line_1_16' title="bbox 1045 254 1865 302; baseline 0.004 -12"><span class='ocrx_word' id='word_1_81' title='bbox 1045 256 1137 290; x_wconf 87' lang='lat' dir='ltr'><em>Licet</em></span> <span class='ocrx_word' id='word_1_82' title='bbox 1152 256 1269 289; x_wconf 78' lang='lat' dir='ltr'>abunde</span> <span class='ocrx_word' id='word_1_83' title='bbox 1294 254 1409 295; x_wconf 79' lang='lat' dir='ltr'>constet</span> <span class='ocrx_word' id='word_1_84' title='bbox 1420 264 1477 302; x_wconf 83' lang='lat' dir='ltr'>per</span> <span class='ocrx_word' id='word_1_85' title='bbox 1502 254 1791 299; x_wconf 74' lang='lat' dir='ltr'>demonstrationes,</span> <span class='ocrx_word' id='word_1_86' title='bbox 1817 271 1865 295; x_wconf 82' lang='lat' dir='ltr'>re.</span> 
     </span>
     <span class='ocr_line' id='line_1_17' title="bbox 1039 303 1866 353; baseline 0.004 -14"><span class='ocrx_word' id='word_1_87' title='bbox 1039 309 1191 351; x_wconf 81' lang='lat' dir='ltr'>gularum</span> <span class='ocrx_word' id='word_1_88' title='bbox 1204 331 1214 344; x_wconf 92' lang='lat'><em>,</em></span> <span class='ocrx_word' id='word_1_89' title='bbox 1236 303 1350 352; x_wconf 83' lang='lat' dir='ltr'>quibus</span> <span class='ocrx_word' id='word_1_90' title='bbox 1376 308 1518 344; x_wconf 78' lang='lat' dir='ltr'>utimur,</span> <span class='ocrx_word' id='word_1_91' title='bbox 1547 313 1600 351; x_wconf 82' lang='lat' dir='ltr'>ope</span> <span class='ocrx_word' id='word_1_92' title='bbox 1613 316 1866 353; x_wconf 78' lang='lat' dir='ltr'>numerumquae.</span> 
     </span>
     <span class='ocr_line' id='line_1_18' title="bbox 1039 355 1863 402; baseline 0.001 -13"><span class='ocrx_word' id='word_1_93' title='bbox 1039 355 1137 401; x_wconf 76' lang='lat' dir='ltr'>situm</span> <span class='ocrx_word' id='word_1_94' title='bbox 1166 357 1307 391; x_wconf 77' lang='lat' dir='ltr'>inveniri</span> <span class='ocrx_word' id='word_1_95' title='bbox 1316 369 1327 398; x_wconf 81' lang='lat'>3</span> <span class='ocrx_word' id='word_1_96' title='bbox 1351 359 1500 391; x_wconf 82' lang='lat' dir='ltr'>examina</span> <span class='ocrx_word' id='word_1_97' title='bbox 1515 363 1621 390; x_wconf 78' lang='lat' dir='ltr'>tamen</span> <span class='ocrx_word' id='word_1_98' title='bbox 1634 367 1695 391; x_wconf 82' lang='lat' dir='ltr'>non</span> <span class='ocrx_word' id='word_1_99' title='bbox 1709 360 1863 402; x_wconf 76' lang='lat' dir='ltr'>negligun-</span> 
     </span>
     <span class='ocr_line' id='line_1_19' title="bbox 1045 404 1866 453; baseline 0.004 -12"><span class='ocrx_word' id='word_1_100' title='bbox 1045 415 1098 441; x_wconf 78' lang='lat' dir='ltr'>tur</span> <span class='ocrx_word' id='word_1_101' title='bbox 1114 429 1124 443; x_wconf 78' lang='lat'>‚</span> <span class='ocrx_word' id='word_1_102' title='bbox 1160 404 1271 453; x_wconf 84' lang='lat' dir='ltr'>quibus</span> <span class='ocrx_word' id='word_1_103' title='bbox 1286 408 1501 442; x_wconf 78' lang='lat' dir='ltr'><em>convincimur</em></span> <span class='ocrx_word' id='word_1_104' title='bbox 1532 417 1587 441; x_wconf 90' lang='lat' dir='ltr'>nos</span> <span class='ocrx_word' id='word_1_105' title='bbox 1615 407 1647 441; x_wconf 86' lang='lat' dir='ltr'>in</span> <span class='ocrx_word' id='word_1_106' title='bbox 1682 409 1866 453; x_wconf 79' lang='lat' dir='ltr'>regularum</span> 
     </span>
     <span class='ocr_line' id='line_1_20' title="bbox 1046 454 1828 505; baseline 0.001 -13"><span class='ocrx_word' id='word_1_107' title='bbox 1046 458 1254 505; x_wconf 82' lang='lat' dir='ltr'><em>applicatione</em></span> <span class='ocrx_word' id='word_1_108' title='bbox 1267 468 1326 492; x_wconf 87' lang='lat' dir='ltr'>non</span> <span class='ocrx_word' id='word_1_109' title='bbox 1341 454 1509 502; x_wconf 72' lang='lat' dir='ltr'>aberraffle.</span> <span class='ocrx_word' id='word_1_110' title='bbox 1564 458 1728 492; x_wconf 77' lang='lat' dir='ltr'>Docemur</span> <span class='ocrx_word' id='word_1_111' title='bbox 1753 468 1828 504; x_wconf 84' lang='lat' dir='ltr'>ergo</span> 
     </span>
    </p>
   </div>
   <div class='ocr_carea' id='block_1_7' title="bbox 1050 555 1864 706">
    <p class='ocr_par' dir='ltr' id='par_1_7' title="bbox 1050 555 1864 706">
     <span class='ocr_line' id='line_1_21' title="bbox 1050 555 1864 605; baseline -0.001 -12"><span class='ocrx_word' id='word_1_112' title='bbox 1050 569 1081 602; x_wconf 90' lang='lat'>5.</span> <span class='ocrx_word' id='word_1_113' title='bbox 1109 555 1306 593; x_wconf 76' lang='lat' dir='ltr'>consultum</span> <span class='ocrx_word' id='word_1_114' title='bbox 1324 555 1409 599; x_wconf 81' lang='lat' dir='ltr'>effe,</span> <span class='ocrx_word' id='word_1_115' title='bbox 1436 567 1472 592; x_wconf 88' lang='lat' dir='ltr'>ut</span> <span class='ocrx_word' id='word_1_116' title='bbox 1487 556 1691 605; x_wconf 80' lang='lat' dir='ltr'>dispiciamus</span> <span class='ocrx_word' id='word_1_117' title='bbox 1705 579 1715 595; x_wconf 90' lang='lat'><strong>,</strong></span> <span class='ocrx_word' id='word_1_118' title='bbox 1743 570 1784 592; x_wconf 82' lang='lat' dir='ltr'>an</span> <span class='ocrx_word' id='word_1_119' title='bbox 1812 570 1864 592; x_wconf 84' lang='lat' dir='ltr'>ve-</span> 
     </span>
     <span class='ocr_line' id='line_1_22' title="bbox 1098 606 1864 655; baseline 0.001 -14"><span class='ocrx_word' id='word_1_120' title='bbox 1098 608 1208 642; x_wconf 86' lang='lat' dir='ltr'>ritates</span> <span class='ocrx_word' id='word_1_121' title='bbox 1231 621 1249 642; x_wconf 83' lang='lat' dir='ltr'>a</span> <span class='ocrx_word' id='word_1_122' title='bbox 1271 608 1373 655; x_wconf 85' lang='lat' dir='ltr'>priori</span> <span class='ocrx_word' id='word_1_123' title='bbox 1394 609 1544 644; x_wconf 67' lang='lat' dir='ltr'>deductae</span> <span class='ocrx_word' id='word_1_124' title='bbox 1573 607 1783 655; x_wconf 73' lang='lat' dir='ltr'>experientiae</span> <span class='ocrx_word' id='word_1_125' title='bbox 1805 606 1864 645; x_wconf 69' lang='lat' dir='ltr'>xes-</span> 
     </span>
     <span class='ocr_line' id='line_1_23' title="bbox 1098 658 1276 706; baseline 0.006 -12"><span class='ocrx_word' id='word_1_126' title='bbox 1098 658 1276 706; x_wconf 82' lang='lat' dir='ltr'>pondeant.</span> 
     </span>
    </p>
   </div>
   <div class='ocr_carea' id='block_1_8' title="bbox 1046 758 1864 858">
    <p class='ocr_par' dir='ltr' id='par_1_8' title="bbox 1046 758 1864 858">
     <span class='ocr_line' id='line_1_24' title="bbox 1046 758 1864 807; baseline -0.001 -12"><span class='ocrx_word' id='word_1_127' title='bbox 1046 759 1150 795; x_wconf 82' lang='lat' dir='ltr'>Plura</span> <span class='ocrx_word' id='word_1_128' title='bbox 1168 771 1229 795; x_wconf 83' lang='lat' dir='ltr'>non</span> <span class='ocrx_word' id='word_1_129' title='bbox 1255 760 1420 799; x_wconf 84' lang='lat' dir='ltr'>addimus,</span> <span class='ocrx_word' id='word_1_130' title='bbox 1435 772 1503 795; x_wconf 86' lang='lat' dir='ltr'>cum</span> <span class='ocrx_word' id='word_1_131' title='bbox 1517 758 1578 794; x_wconf 78' lang='lat' dir='ltr'>haec</span> <span class='ocrx_word' id='word_1_132' title='bbox 1586 758 1769 807; x_wconf 78' lang='lat' dir='ltr'>speciminis</span> <span class='ocrx_word' id='word_1_133' title='bbox 1794 764 1864 794; x_wconf 69' lang='lat' dir='ltr'>tan«</span> 
     </span>
     <span class='ocr_line' id='line_1_25' title="bbox 1046 808 1665 858; baseline 0.002 -11"><span class='ocrx_word' id='word_1_134' title='bbox 1046 821 1117 847; x_wconf 82' lang='lat' dir='ltr'>tum</span> <span class='ocrx_word' id='word_1_135' title='bbox 1140 813 1206 847; x_wconf 86' lang='lat' dir='ltr'>loco</span> <span class='ocrx_word' id='word_1_136' title='bbox 1231 811 1265 846; x_wconf 85' lang='lat' dir='ltr'>in</span> <span class='ocrx_word' id='word_1_137' title='bbox 1289 812 1429 847; x_wconf 82' lang='lat' dir='ltr'>medium</span> <span class='ocrx_word' id='word_1_138' title='bbox 1443 808 1665 858; x_wconf 79' lang='lat' dir='ltr'>proferantur.</span> 
     </span>
    </p>
   </div>
   <div class='ocr_carea' id='block_1_9' title="bbox 959 969 1870 985">
    <p class='ocr_par' dir='ltr' id='par_1_9' title="bbox 959 969 1870 985">
     <span class='ocr_line' id='line_1_26' title="bbox 959 969 1870 985; baseline 0 1884"><span class='ocrx_word' id='word_1_139' title='bbox 959 969 1870 985; x_wconf 95' lang='lat' dir='ltr'> </span> 
     </span>
    </p>
   </div>
   <div class='ocr_carea' id='block_1_10' title="bbox 709 999 1306 1081">
    <p class='ocr_par' dir='ltr' id='par_1_10' title="bbox 709 999 1306 1081">
     <span class='ocr_line' id='line_1_27' title="bbox 709 999 1306 1081; baseline -0.005 0"><span class='ocrx_word' id='word_1_140' title='bbox 709 1028 1075 1081; x_wconf 82' lang='lat' dir='ltr'>CAPUT</span> <span class='ocrx_word' id='word_1_141' title='bbox 1153 999 1306 1079; x_wconf 86' lang='lat'>111.</span> 
     </span>
    </p>
   </div>
   <div class='ocr_carea' id='block_1_11' title="bbox 442 1142 1581 1221">
    <p class='ocr_par' dir='ltr' id='par_1_11' title="bbox 442 1142 1581 1221">
     <span class='ocr_line' id='line_1_28' title="bbox 442 1142 1581 1221; baseline 0.001 -24"><span class='ocrx_word' id='word_1_142' title='bbox 442 1144 524 1197; x_wconf 83' lang='lat' dir='ltr'>De</span> <span class='ocrx_word' id='word_1_143' title='bbox 545 1142 745 1197; x_wconf 78' lang='lat' dir='ltr'>Ratione</span> <span class='ocrx_word' id='word_1_144' title='bbox 783 1161 842 1195; x_wconf 80' lang='lat' dir='ltr'>ac</span> <span class='ocrx_word' id='word_1_145' title='bbox 877 1142 1177 1216; x_wconf 66' lang='lat' dir='ltr'>Propontione</span> <span class='ocrx_word' id='word_1_146' title='bbox 1211 1142 1581 1221; x_wconf 74' lang='lat' dir='ltr'>Qantitatum.</span> 
     </span>
    </p>
   </div>
   <div class='ocr_carea' id='block_1_12' title="bbox 215 1272 886 1315">
    <p class='ocr_par' dir='ltr' id='par_1_12' title="bbox 215 1272 886 1315">
     <span class='ocr_line' id='line_1_29' title="bbox 215 1272 886 1315; baseline -0.003 0"><span class='ocrx_word' id='word_1_147' title='bbox 215 1274 655 1315; x_wconf 72' lang='lat' dir='ltr'>DEFINITIO</span> <span class='ocrx_word' id='word_1_148' title='bbox 715 1272 886 1313; x_wconf 83' lang='lat' dir='ltr'>XXXIX.</span> 
     </span>
    </p>
   </div>
   <div class='ocr_carea' id='block_1_13' title="bbox 145 1354 968 1648">
    <p class='ocr_par' dir='ltr' id='par_1_13' title="bbox 145 1354 968 1648">
     <span class='ocr_line' id='line_1_30' title="bbox 153 1354 963 1410; baseline 0.001 -15"><span class='ocrx_word' id='word_1_149' title='bbox 153 1362 244 1401; x_wconf 90' lang='lat'>126.</span> <span class='ocrx_word' id='word_1_150' title='bbox 361 1355 452 1396; x_wconf 81' lang='lat' dir='ltr'>Atio</span> <span class='ocrx_word' id='word_1_151' title='bbox 488 1355 540 1395; x_wconf 87' lang='lat' dir='ltr'>est</span> <span class='ocrx_word' id='word_1_152' title='bbox 574 1369 620 1395; x_wconf 83' lang='lat' dir='ltr'>ea</span> <span class='ocrx_word' id='word_1_153' title='bbox 634 1354 963 1410; x_wconf 81' lang='lat' dir='ltr'>homogeneorum</span> 
     </span>
     <span class='ocr_line' id='line_1_31' title="bbox 362 1414 965 1470; baseline 0.002 -16"><span class='ocrx_word' id='word_1_154' title='bbox 362 1415 592 1469; x_wconf 81' lang='lat' dir='ltr'>relati0,quae</span> <span class='ocrx_word' id='word_1_155' title='bbox 601 1414 848 1470; x_wconf 81' lang='lat' dir='ltr'>quantitatem</span> <span class='ocrx_word' id='word_1_156' title='bbox 859 1416 965 1457; x_wconf 88' lang='lat' dir='ltr'>unius</span> 
     </span>
     <span class='ocr_line' id='line_1_32' title="bbox 145 1473 965 1528; baseline -0.001 -12"><span class='ocrx_word' id='word_1_157' title='bbox 145 1473 369 1516; x_wconf 82' lang='lat' dir='ltr'>determinat</span> <span class='ocrx_word' id='word_1_158' title='bbox 389 1489 435 1515; x_wconf 86' lang='lat' dir='ltr'>ex</span> <span class='ocrx_word' id='word_1_159' title='bbox 455 1475 663 1528; x_wconf 86' lang='lat' dir='ltr'>quantitate</span> <span class='ocrx_word' id='word_1_160' title='bbox 682 1475 831 1515; x_wconf 84' lang='lat' dir='ltr'>alterius</span> <span class='ocrx_word' id='word_1_161' title='bbox 847 1505 858 1519; x_wconf 93' lang='lat'>,</span> <span class='ocrx_word' id='word_1_162' title='bbox 891 1475 965 1515; x_wconf 83' lang='lat' dir='ltr'>fine</span> 
     </span>
     <span class='ocr_line' id='line_1_33' title="bbox 147 1532 965 1590; baseline 0.001 -15"><span class='ocrx_word' id='word_1_163' title='bbox 147 1535 259 1576; x_wconf 87' lang='lat' dir='ltr'>tertio</span> <span class='ocrx_word' id='word_1_164' title='bbox 274 1535 515 1589; x_wconf 84' lang='lat' dir='ltr'>homogeneo</span> <span class='ocrx_word' id='word_1_165' title='bbox 536 1532 705 1575; x_wconf 81' lang='lat' dir='ltr'>assumto.</span> <span class='ocrx_word' id='word_1_166' title='bbox 768 1537 965 1590; x_wconf 87' lang='lat' dir='ltr'>Homoge-</span> 
     </span>
     <span class='ocr_line' id='line_1_34' title="bbox 147 1594 968 1648; baseline 0.001 -14"><span class='ocrx_word' id='word_1_167' title='bbox 147 1607 218 1635; x_wconf 82' lang='lat' dir='ltr'>nea</span> <span class='ocrx_word' id='word_1_168' title='bbox 230 1623 240 1641; x_wconf 84' lang='grc'>,</span> <span class='ocrx_word' id='word_1_169' title='bbox 261 1608 343 1648; x_wconf 79' lang='lat' dir='ltr'>quae</span> <span class='ocrx_word' id='word_1_170' title='bbox 356 1606 620 1648; x_wconf 86' lang='lat' dir='ltr'>comparantur</span> <span class='ocrx_word' id='word_1_171' title='bbox 633 1623 646 1641; x_wconf 82' lang='lat'>‚</span> <span class='ocrx_word' id='word_1_172' title='bbox 683 1594 859 1635; x_wconf 88' lang='lat' dir='ltr'>dicuntur</span> <span class='ocrx_word' id='word_1_173' title='bbox 878 1595 968 1635; x_wconf 63' lang='grc' dir='ltr'>Τάν-</span> 
     </span>
    </p>
   </div>
   <div class='ocr_carea' id='block_1_14' title="bbox 148 1651 966 1708">
    <p class='ocr_par' dir='ltr' id='par_1_14' title="bbox 148 1651 966 1708">
     <span class='ocr_line' id='line_1_35' title="bbox 148 1651 966 1708; baseline 0 -13"><span class='ocrx_word' id='word_1_174' title='bbox 148 1658 244 1695; x_wconf 83' lang='lat' dir='ltr'>mini</span> <span class='ocrx_word' id='word_1_175' title='bbox 267 1654 444 1700; x_wconf 79' lang='lat' dir='ltr'>Rationis</span> <span class='ocrx_word' id='word_1_176' title='bbox 471 1656 509 1694; x_wconf 84' lang='lat'>&amp;</span> <span class='ocrx_word' id='word_1_177' title='bbox 533 1653 570 1694; x_wconf 88' lang='lat' dir='ltr'>in</span> <span class='ocrx_word' id='word_1_178' title='bbox 600 1651 718 1708; x_wconf 80' lang='lat' dir='ltr'>specie</span> <span class='ocrx_word' id='word_1_179' title='bbox 751 1657 966 1696; x_wconf 78' lang='lat' dir='ltr'>antecedens</span> 
     </span>
    </p>
   </div>
   <div class='ocr_carea' id='block_1_15' title="bbox 147 1712 971 1768">
    <p class='ocr_par' dir='ltr' id='par_1_15' title="bbox 147 1712 971 1768">
     <span class='ocr_line' id='line_1_36' title="bbox 147 1712 971 1768; baseline 0 -14"><span class='ocrx_word' id='word_1_180' title='bbox 147 1715 308 1754; x_wconf 79' lang='lat' dir='ltr'>vocatur</span> <span class='ocrx_word' id='word_1_181' title='bbox 328 1742 339 1760; x_wconf 79' lang='grc'>,</span> <span class='ocrx_word' id='word_1_182' title='bbox 372 1713 439 1768; x_wconf 88' lang='lat' dir='ltr'>qui</span> <span class='ocrx_word' id='word_1_183' title='bbox 449 1712 496 1753; x_wconf 83' lang='lat' dir='ltr'>ad</span> <span class='ocrx_word' id='word_1_184' title='bbox 513 1712 672 1753; x_wconf 89' lang='lat' dir='ltr'>alterum</span> <span class='ocrx_word' id='word_1_185' title='bbox 684 1712 841 1755; x_wconf 86' lang='lat' dir='ltr'>refertur</span> <span class='ocrx_word' id='word_1_186' title='bbox 863 1729 874 1757; x_wconf 78' lang='lat'>3</span> <span class='ocrx_word' id='word_1_187' title='bbox 892 1731 971 1755; x_wconf 79' lang='lat' dir='ltr'>con-</span> 
     </span>
    </p>
   </div>
   <div class='ocr_carea' id='block_1_16' title="bbox 139 1772 971 2496">
    <p class='ocr_par' dir='ltr' id='par_1_16' title="bbox 139 1772 967 1875">
     <span class='ocr_line' id='line_1_37' title="bbox 139 1772 967 1829; baseline 0.001 -16"><span class='ocrx_word' id='word_1_188' title='bbox 139 1772 292 1829; x_wconf 77' lang='lat' dir='ltr'>fiquens</span> <span class='ocrx_word' id='word_1_189' title='bbox 308 1786 401 1812; x_wconf 86' lang='lat' dir='ltr'>vero</span> <span class='ocrx_word' id='word_1_190' title='bbox 419 1802 431 1820; x_wconf 84' lang='grc'>,</span> <span class='ocrx_word' id='word_1_191' title='bbox 473 1772 522 1813; x_wconf 84' lang='lat' dir='ltr'>ad</span> <span class='ocrx_word' id='word_1_192' title='bbox 550 1787 663 1828; x_wconf 89' lang='lat' dir='ltr'>quem</span> <span class='ocrx_word' id='word_1_193' title='bbox 688 1773 782 1814; x_wconf 86' lang='lat' dir='ltr'>alter</span> <span class='ocrx_word' id='word_1_194' title='bbox 799 1774 967 1815; x_wconf 88' lang='lat' dir='ltr'>refertur.</span> 
     </span>
     <span class='ocr_line' id='line_1_38' title="bbox 317 1834 799 1875; baseline 0.006 -4"><span class='ocrx_word' id='word_1_195' title='bbox 317 1834 342 1872; x_wconf 90' lang='lat' dir='ltr'>S</span> <span class='ocrx_word' id='word_1_196' title='bbox 380 1845 403 1871; x_wconf 82' lang='lat' dir='ltr'>c</span> <span class='ocrx_word' id='word_1_197' title='bbox 439 1843 466 1872; x_wconf 80' lang='lat' dir='ltr'>H</span> <span class='ocrx_word' id='word_1_198' title='bbox 498 1846 524 1872; x_wconf 93' lang='lat' dir='ltr'>o</span> <span class='ocrx_word' id='word_1_199' title='bbox 544 1843 567 1871; x_wconf 88' lang='lat' dir='ltr'>L</span> <span class='ocrx_word' id='word_1_200' title='bbox 592 1845 603 1872; x_wconf 72' lang='grc' dir='ltr'><em>ι</em></span> <span class='ocrx_word' id='word_1_201' title='bbox 625 1847 651 1873; x_wconf 92' lang='lat'>0</span> <span class='ocrx_word' id='word_1_202' title='bbox 679 1844 708 1872; x_wconf 85' lang='lat' dir='ltr'>N</span> <span class='ocrx_word' id='word_1_203' title='bbox 769 1834 799 1875; x_wconf 91' lang='lat' dir='ltr'>I.</span> 
     </span>
    </p>

    <p class='ocr_par' dir='ltr' id='par_1_17' title="bbox 146 1890 971 2496">
     <span class='ocr_line' id='line_1_39' title="bbox 203 1890 966 1940; baseline 0.003 -14"><span class='ocrx_word' id='word_1_204' title='bbox 203 1902 218 1926; x_wconf 82' lang='lat'>1</span> <span class='ocrx_word' id='word_1_205' title='bbox 229 1903 284 1932; x_wconf 84' lang='lat'>27.</span> <span class='ocrx_word' id='word_1_206' title='bbox 303 1890 449 1926; x_wconf 85' lang='lat' dir='ltr'>Euclides</span> <span class='ocrx_word' id='word_1_207' title='bbox 464 1893 622 1927; x_wconf 80' lang='lat' dir='ltr'>rationem</span> <span class='ocrx_word' id='word_1_208' title='bbox 633 1890 746 1936; x_wconf 83' lang='lat' dir='ltr'>definit</span> <span class='ocrx_word' id='word_1_209' title='bbox 756 1902 816 1940; x_wconf 81' lang='lat' dir='ltr'>per</span> <span class='ocrx_word' id='word_1_210' title='bbox 835 1891 966 1928; x_wconf 74' lang='lat' dir='ltr'>habitu-v</span> 
     </span>
     <span class='ocr_line' id='line_1_40' title="bbox 149 1941 969 1991; baseline 0.002 -15"><span class='ocrx_word' id='word_1_211' title='bbox 149 1941 260 1977; x_wconf 86' lang='lat' dir='ltr'>dinem</span> <span class='ocrx_word' id='word_1_212' title='bbox 276 1942 538 1990; x_wconf 73' lang='lat' dir='ltr'>magnitudinum</span> <span class='ocrx_word' id='word_1_213' title='bbox 554 1941 696 1988; x_wconf 77' lang='lat' dir='ltr'>ejusdem</span> <span class='ocrx_word' id='word_1_214' title='bbox 717 1944 843 1991; x_wconf 82' lang='lat' dir='ltr'>generis</span> <span class='ocrx_word' id='word_1_215' title='bbox 859 1942 969 1978; x_wconf 83' lang='lat' dir='ltr'>secun-</span> 
     </span>
     <span class='ocr_line' id='line_1_41' title="bbox 148 1991 967 2039; baseline 0.002 -12"><span class='ocrx_word' id='word_1_216' title='bbox 148 1993 229 2027; x_wconf 88' lang='lat' dir='ltr'>dum</span> <span class='ocrx_word' id='word_1_217' title='bbox 255 1993 480 2039; x_wconf 75' lang='lat' dir='ltr'>quantitatem.</span> <span class='ocrx_word' id='word_1_218' title='bbox 522 1995 578 2028; x_wconf 74' lang='lat' dir='ltr'>Sed</span> <span class='ocrx_word' id='word_1_219' title='bbox 598 1994 659 2028; x_wconf 69' lang='lat' dir='ltr'>lma</span> <span class='ocrx_word' id='word_1_220' title='bbox 684 1991 827 2037; x_wconf 78' lang='lat' dir='ltr'>definitio</span> <span class='ocrx_word' id='word_1_221' title='bbox 852 1996 967 2029; x_wconf 86' lang='lat' dir='ltr'>incom-</span> 
     </span>
     <span class='ocr_line' id='line_1_42' title="bbox 146 2043 967 2090; baseline 0.002 -14"><span class='ocrx_word' id='word_1_222' title='bbox 146 2043 234 2090; x_wconf 84' lang='lat' dir='ltr'>pleta</span> <span class='ocrx_word' id='word_1_223' title='bbox 248 2056 257 2077; x_wconf 87' lang='lat'>:</span> <span class='ocrx_word' id='word_1_224' title='bbox 272 2045 390 2079; x_wconf 85' lang='lat' dir='ltr'>dantur</span> <span class='ocrx_word' id='word_1_225' title='bbox 414 2046 494 2079; x_wconf 83' lang='lat' dir='ltr'>enim</span> <span class='ocrx_word' id='word_1_226' title='bbox 514 2043 634 2078; x_wconf 64' lang='lat' dir='ltr'>&amp;alia</span> <span class='ocrx_word' id='word_1_227' title='bbox 647 2046 901 2089; x_wconf 79' lang='lat' dir='ltr'>magnitudinum</span> <span class='ocrx_word' id='word_1_228' title='bbox 914 2058 967 2080; x_wconf 86' lang='lat' dir='ltr'>re.</span> 
     </span>
     <span class='ocr_line' id='line_1_43' title="bbox 149 2092 963 2141; baseline 0.005 -13"><span class='ocrx_word' id='word_1_229' title='bbox 149 2094 283 2128; x_wconf 70' lang='lat' dir='ltr'>tationes</span> <span class='ocrx_word' id='word_1_230' title='bbox 295 2116 306 2131; x_wconf 94' lang='lat'><em>‚</em></span> <span class='ocrx_word' id='word_1_231' title='bbox 339 2106 404 2141; x_wconf 80' lang='lat' dir='ltr'>quae</span> <span class='ocrx_word' id='word_1_232' title='bbox 424 2095 500 2138; x_wconf 85' lang='lat' dir='ltr'>sunt</span> <span class='ocrx_word' id='word_1_233' title='bbox 519 2092 709 2133; x_wconf 82' lang='lat' dir='ltr'>constantes,</span> <span class='ocrx_word' id='word_1_234' title='bbox 733 2107 789 2129; x_wconf 83' lang='lat' dir='ltr'>nec</span> <span class='ocrx_word' id='word_1_235' title='bbox 806 2105 911 2131; x_wconf 83' lang='lat' dir='ltr'>tamen</span> <span class='ocrx_word' id='word_1_236' title='bbox 930 2098 963 2131; x_wconf 89' lang='lat' dir='ltr'>in</span> 
     </span>
     <span class='ocr_line' id='line_1_44' title="bbox 151 2144 968 2192; baseline 0.005 -15"><span class='ocrx_word' id='word_1_237' title='bbox 151 2145 314 2178; x_wconf 81' lang='lat' dir='ltr'>rationum</span> <span class='ocrx_word' id='word_1_238' title='bbox 329 2156 459 2180; x_wconf 83' lang='lat' dir='ltr'>numero</span> <span class='ocrx_word' id='word_1_239' title='bbox 473 2146 686 2180; x_wconf 82' lang='lat' dir='ltr'>continentur.</span> <span class='ocrx_word' id='word_1_240' title='bbox 714 2144 803 2180; x_wconf 85' lang='lat' dir='ltr'>Talis</span> <span class='ocrx_word' id='word_1_241' title='bbox 818 2145 862 2187; x_wconf 67' lang='lat' dir='ltr'>est</span> <span class='ocrx_word' id='word_1_242' title='bbox 880 2146 968 2192; x_wconf 82' lang='lat' dir='ltr'>finus</span> 
     </span>
     <span class='ocr_line' id='line_1_45' title="bbox 149 2192 967 2243; baseline 0.005 -15"><span class='ocrx_word' id='word_1_243' title='bbox 149 2192 231 2228; x_wconf 70' lang='lat' dir='ltr'>refli</span> <span class='ocrx_word' id='word_1_244' title='bbox 254 2197 296 2228; x_wconf 84' lang='lat' dir='ltr'>ad</span> <span class='ocrx_word' id='word_1_245' title='bbox 319 2194 418 2238; x_wconf 83' lang='lat' dir='ltr'>finum</span> <span class='ocrx_word' id='word_1_246' title='bbox 447 2195 668 2241; x_wconf 77' lang='lat' dir='ltr'>complementi</span> <span class='ocrx_word' id='word_1_247' title='bbox 696 2197 729 2231; x_wconf 84' lang='lat' dir='ltr'>in</span> <span class='ocrx_word' id='word_1_248' title='bbox 767 2195 967 2243; x_wconf 83' lang='lat' dir='ltr'>Trigonome-</span> 
     </span>
     <span class='ocr_line' id='line_1_46' title="bbox 148 2245 969 2290; baseline 0.007 -13"><span class='ocrx_word' id='word_1_249' title='bbox 148 2245 230 2278; x_wconf 76' lang='lat' dir='ltr'>tria.</span> <span class='ocrx_word' id='word_1_250' title='bbox 257 2245 452 2289; x_wconf 83' lang='lat' dir='ltr'>Completam</span> <span class='ocrx_word' id='word_1_251' title='bbox 468 2248 609 2281; x_wconf 78' lang='lat' dir='ltr'>reddidit</span> <span class='ocrx_word' id='word_1_252' title='bbox 639 2249 696 2282; x_wconf 85' lang='lat' dir='ltr'>vir</span> <span class='ocrx_word' id='word_1_253' title='bbox 709 2245 850 2290; x_wconf 83' lang='lat' dir='ltr'>summus</span> <span class='ocrx_word' id='word_1_254' title='bbox 875 2248 969 2284; x_wconf 82' lang='lat' dir='ltr'>Leib-</span> 
     </span>
     <span class='ocr_line' id='line_1_47' title="bbox 149 2293 968 2341; baseline 0.007 -14"><span class='ocrx_word' id='word_1_255' title='bbox 149 2293 258 2328; x_wconf 84' lang='lat' dir='ltr'>nitius.</span> <span class='ocrx_word' id='word_1_256' title='bbox 311 2297 467 2340; x_wconf 80' lang='lat' dir='ltr'>Equidem</span> <span class='ocrx_word' id='word_1_257' title='bbox 488 2297 529 2331; x_wconf 73' lang='lat'>&amp;¹</span> <span class='ocrx_word' id='word_1_258' title='bbox 557 2295 748 2332; x_wconf 85' lang='lat' dir='ltr'>Hobbefius</span> <span class='ocrx_word' id='word_1_259' title='bbox 772 2296 968 2341; x_wconf 80' lang='lat' dir='ltr'>definitionis</span> 
     </span>
     <span class='ocr_line' id='line_1_48' title="bbox 149 2345 968 2393; baseline 0.006 -14"><span class='ocrx_word' id='word_1_260' title='bbox 149 2345 308 2380; x_wconf 81' lang='lat' dir='ltr'>Euclideae</span> <span class='ocrx_word' id='word_1_261' title='bbox 336 2346 559 2381; x_wconf 33' lang='lat' dir='ltr'>corrrctionem</span> <span class='ocrx_word' id='word_1_262' title='bbox 571 2352 714 2384; x_wconf 74' lang='lat' dir='ltr'>tentav³t</span> <span class='ocrx_word' id='word_1_263' title='bbox 728 2347 771 2393; x_wconf 84' lang='lat' dir='ltr'>(a)</span> <span class='ocrx_word' id='word_1_264' title='bbox 792 2362 804 2392; x_wconf 76' lang='lat'>3</span> <span class='ocrx_word' id='word_1_265' title='bbox 816 2350 871 2391; x_wconf 75' lang='lat' dir='ltr'>sed</span> <span class='ocrx_word' id='word_1_266' title='bbox 887 2347 968 2393; x_wconf 80' lang='lat' dir='ltr'>infe-</span> 
     </span>
     <span class='ocr_line' id='line_1_49' title="bbox 149 2396 971 2448; baseline 0.004 -20"><span class='ocrx_word' id='word_1_267' title='bbox 149 2396 183 2429; x_wconf 63' lang='lat'>122</span> <span class='ocrx_word' id='word_1_268' title='bbox 193 2396 272 2430; x_wconf 83' lang='lat' dir='ltr'>iter.</span> <span class='ocrx_word' id='word_1_269' title='bbox 302 2397 388 2431; x_wconf 87' lang='lat' dir='ltr'>Cum</span> <span class='ocrx_word' id='word_1_270' title='bbox 402 2398 487 2433; x_wconf 83' lang='lat' dir='ltr'>enim</span> <span class='ocrx_word' id='word_1_271' title='bbox 497 2399 652 2434; x_wconf 72' lang='lat' dir='ltr'>rationem</span> <span class='ocrx_word' id='word_1_272' title='bbox 666 2401 797 2447; x_wconf 80' lang='lat' dir='ltr'>definiat</span> <span class='ocrx_word' id='word_1_273' title='bbox 807 2409 868 2446; x_wconf 85' lang='lat' dir='ltr'>per</span> <span class='ocrx_word' id='word_1_274' title='bbox 882 2412 971 2448; x_wconf 75' lang='lat' dir='ltr'>mag..</span> 
     </span>
     <span class='ocr_line' id='line_1_50' title="bbox 150 2444 969 2496; baseline 0.009 -18"><span class='ocrx_word' id='word_1_275' title='bbox 150 2444 306 2480; x_wconf 88' lang='lat' dir='ltr'>nitudinis</span> <span class='ocrx_word' id='word_1_276' title='bbox 333 2448 373 2481; x_wconf 76' lang='lat' dir='ltr'>ad</span> <span class='ocrx_word' id='word_1_277' title='bbox 397 2449 657 2496; x_wconf 63' lang='lat' dir='ltr'>magnitudinem</span> <span class='ocrx_word' id='word_1_278' title='bbox 677 2448 869 2485; x_wconf 80' lang='lat' dir='ltr'>relationem</span> <span class='ocrx_word' id='word_1_279' title='bbox 885 2466 896 2491; x_wconf 90' lang='lat'><em>;</em></span> <span class='ocrx_word' id='word_1_280' title='bbox 918 2451 969 2494; x_wconf 83' lang='lat' dir='ltr'>de-</span> 
     </span>
    </p>
   </div>
   <div class='ocr_carea' id='block_1_17' title="bbox 148 2542 968 2626">
    <p class='ocr_par' dir='ltr' id='par_1_18' title="bbox 148 2542 968 2626">
     <span class='ocr_line' id='line_1_51' title="bbox 186 2542 968 2590; baseline 0.015 -18"><span class='ocrx_word' id='word_1_281' title='bbox 186 2542 232 2578; x_wconf 55' lang='grc' dir='ltr'>(ι)</span> <span class='ocrx_word' id='word_1_282' title='bbox 254 2546 286 2574; x_wconf 82' lang='lat' dir='ltr'>In</span> <span class='ocrx_word' id='word_1_283' title='bbox 315 2544 451 2577; x_wconf 71' lang='lat' dir='ltr'>Trae&#39;tatu</span> <span class='ocrx_word' id='word_1_284' title='bbox 465 2547 664 2590; x_wconf 71' lang='lat' dir='ltr'>depsincipiis</span> <span class='ocrx_word' id='word_1_285' title='bbox 679 2551 713 2582; x_wconf 68' lang='grc' dir='ltr'>ὃς</span> <span class='ocrx_word' id='word_1_286' title='bbox 736 2547 968 2584; x_wconf 71' lang='lat' dir='ltr'>ratiocinatione</span> 
     </span>
     <span class='ocr_line' id='line_1_52' title="bbox 148 2578 620 2626; baseline 0.006 -12"><span class='ocrx_word' id='word_1_287' title='bbox 148 2578 379 2618; x_wconf 73' lang='lat' dir='ltr'>Geometrarum</span> <span class='ocrx_word' id='word_1_288' title='bbox 402 2594 430 2619; x_wconf 80' lang='lat' dir='ltr'>c.</span> <span class='ocrx_word' id='word_1_289' title='bbox 447 2587 498 2617; x_wconf 81' lang='grc' dir='ltr'>ΧΙ.</span> <span class='ocrx_word' id='word_1_290' title='bbox 518 2595 550 2626; x_wconf 83' lang='lat' dir='ltr'>p.</span> <span class='ocrx_word' id='word_1_291' title='bbox 573 2595 620 2619; x_wconf 67' lang='grc' dir='ltr'>ιι.</span> 
     </span>
    </p>
   </div>
   <div class='ocr_carea' id='block_1_18' title="bbox 1046 1268 1883 2613">
    <p class='ocr_par' dir='ltr' id='par_1_19' title="bbox 1046 1268 1876 1524">
     <span class='ocr_line' id='line_1_53' title="bbox 1050 1268 1874 1320; baseline 0.005 -15"><span class='ocrx_word' id='word_1_292' title='bbox 1050 1269 1163 1315; x_wconf 81' lang='lat' dir='ltr'>finitio</span> <span class='ocrx_word' id='word_1_293' title='bbox 1190 1268 1258 1315; x_wconf 80' lang='lat' dir='ltr'>ejus</span> <span class='ocrx_word' id='word_1_294' title='bbox 1279 1283 1340 1307; x_wconf 87' lang='lat' dir='ltr'>non</span> <span class='ocrx_word' id='word_1_295' title='bbox 1362 1274 1451 1311; x_wconf 86' lang='lat' dir='ltr'>modo</span> <span class='ocrx_word' id='word_1_296' title='bbox 1478 1274 1513 1308; x_wconf 90' lang='lat' dir='ltr'>id</span> <span class='ocrx_word' id='word_1_297' title='bbox 1535 1273 1615 1309; x_wconf 84' lang='lat' dir='ltr'>vitii</span> <span class='ocrx_word' id='word_1_298' title='bbox 1629 1270 1727 1309; x_wconf 80' lang='lat' dir='ltr'>habet</span> <span class='ocrx_word' id='word_1_299' title='bbox 1744 1296 1756 1312; x_wconf 87' lang='lat'>‚</span> <span class='ocrx_word' id='word_1_300' title='bbox 1789 1274 1874 1320; x_wconf 72' lang='lat' dir='ltr'>quod</span> 
     </span>
     <span class='ocr_line' id='line_1_54' title="bbox 1056 1321 1874 1371; baseline 0.002 -14"><span class='ocrx_word' id='word_1_301' title='bbox 1056 1321 1229 1360; x_wconf 83' lang='lat' dir='ltr'>Euclidea,</span> <span class='ocrx_word' id='word_1_302' title='bbox 1259 1325 1343 1369; x_wconf 86' lang='lat' dir='ltr'>quod</span> <span class='ocrx_word' id='word_1_303' title='bbox 1365 1325 1480 1366; x_wconf 76' lang='lat' dir='ltr'>scilicet</span> <span class='ocrx_word' id='word_1_304' title='bbox 1492 1324 1656 1360; x_wconf 81' lang='lat' dir='ltr'>relationis</span> <span class='ocrx_word' id='word_1_305' title='bbox 1664 1324 1797 1371; x_wconf 78' lang='lat' dir='ltr'>speciem</span> <span class='ocrx_word' id='word_1_306' title='bbox 1813 1335 1874 1359; x_wconf 84' lang='lat' dir='ltr'>non</span> 
     </span>
     <span class='ocr_line' id='line_1_55' title="bbox 1055 1374 1875 1422; baseline 0.001 -16"><span class='ocrx_word' id='word_1_307' title='bbox 1055 1374 1265 1412; x_wconf 56' lang='lat' dir='ltr'>determinem</span> <span class='ocrx_word' id='word_1_308' title='bbox 1287 1387 1402 1411; x_wconf 83' lang='lat' dir='ltr'>verum</span> <span class='ocrx_word' id='word_1_309' title='bbox 1418 1376 1517 1410; x_wconf 74' lang='lat' dir='ltr'>etiam</span> <span class='ocrx_word' id='word_1_310' title='bbox 1539 1376 1572 1410; x_wconf 90' lang='lat' dir='ltr'>in</span> <span class='ocrx_word' id='word_1_311' title='bbox 1585 1388 1618 1410; x_wconf 83' lang='lat' dir='ltr'>eo</span> <span class='ocrx_word' id='word_1_312' title='bbox 1628 1383 1757 1422; x_wconf 77' lang='lat' dir='ltr'>peccat,</span> <span class='ocrx_word' id='word_1_313' title='bbox 1792 1375 1875 1421; x_wconf 84' lang='lat' dir='ltr'>quod</span> 
     </span>
     <span class='ocr_line' id='line_1_56' title="bbox 1046 1423 1876 1472; baseline 0.001 -13"><span class='ocrx_word' id='word_1_314' title='bbox 1046 1423 1183 1471; x_wconf 66' lang='lat' dir='ltr'>speciem</span> <span class='ocrx_word' id='word_1_315' title='bbox 1208 1427 1463 1469; x_wconf 75' lang='lat' dir='ltr'>magnitudinum</span> <span class='ocrx_word' id='word_1_316' title='bbox 1491 1438 1550 1461; x_wconf 86' lang='lat' dir='ltr'>non</span> <span class='ocrx_word' id='word_1_317' title='bbox 1576 1427 1769 1472; x_wconf 80' lang='lat' dir='ltr'>exprimat,</span> <span class='ocrx_word' id='word_1_318' title='bbox 1808 1435 1876 1471; x_wconf 77' lang='lat' dir='ltr'>quoe</span> 
     </span>
     <span class='ocr_line' id='line_1_57' title="bbox 1055 1474 1683 1524; baseline 0 -14"><span class='ocrx_word' id='word_1_319' title='bbox 1055 1475 1214 1510; x_wconf 81' lang='lat' dir='ltr'>rationem</span> <span class='ocrx_word' id='word_1_320' title='bbox 1239 1476 1326 1510; x_wconf 83' lang='lat' dir='ltr'>inter</span> <span class='ocrx_word' id='word_1_321' title='bbox 1345 1477 1378 1520; x_wconf 80' lang='lat' dir='ltr'>se</span> <span class='ocrx_word' id='word_1_322' title='bbox 1406 1476 1526 1512; x_wconf 75' lang='lat' dir='ltr'>hahere</span> <span class='ocrx_word' id='word_1_323' title='bbox 1547 1474 1683 1524; x_wconf 80' lang='lat' dir='ltr'>possunt.</span> 
     </span>
    </p>

    <p class='ocr_par' dir='ltr' id='par_1_20' title="bbox 1185 1526 1731 1568">
     <span class='ocr_line' id='line_1_58' title="bbox 1185 1526 1731 1568; baseline 0.005 -4"><span class='ocrx_word' id='word_1_324' title='bbox 1185 1526 1211 1565; x_wconf 89' lang='lat' dir='ltr'>S</span> <span class='ocrx_word' id='word_1_325' title='bbox 1249 1537 1273 1564; x_wconf 82' lang='lat' dir='ltr'><strong>c</strong></span> <span class='ocrx_word' id='word_1_326' title='bbox 1305 1538 1332 1566; x_wconf 85' lang='lat' dir='ltr'><strong>H</strong></span> <span class='ocrx_word' id='word_1_327' title='bbox 1361 1541 1387 1567; x_wconf 91' lang='lat' dir='ltr'>o</span> <span class='ocrx_word' id='word_1_328' title='bbox 1410 1539 1433 1566; x_wconf 83' lang='lat' dir='ltr'>L</span> <span class='ocrx_word' id='word_1_329' title='bbox 1460 1539 1472 1566; x_wconf 89' lang='lat'>1</span> <span class='ocrx_word' id='word_1_330' title='bbox 1499 1541 1525 1567; x_wconf 91' lang='lat' dir='ltr'>o</span> <span class='ocrx_word' id='word_1_331' title='bbox 1557 1537 1586 1566; x_wconf 83' lang='lat' dir='ltr'>N</span> <span class='ocrx_word' id='word_1_332' title='bbox 1657 1528 1676 1566; x_wconf 97' lang='grc' dir='ltr'>Ι</span> <span class='ocrx_word' id='word_1_333' title='bbox 1701 1526 1731 1568; x_wconf 91' lang='grc' dir='ltr'>Ι.</span> 
     </span>
    </p>

    <p class='ocr_par' dir='ltr' id='par_1_21' title="bbox 1059 1586 1881 1887">
     <span class='ocr_line' id='line_1_59' title="bbox 1110 1586 1880 1634; baseline 0.003 -15"><span class='ocrx_word' id='word_1_334' title='bbox 1110 1587 1191 1620; x_wconf 87' lang='lat'>128.</span> <span class='ocrx_word' id='word_1_335' title='bbox 1232 1587 1384 1622; x_wconf 83' lang='lat' dir='ltr'>Ceterum</span> <span class='ocrx_word' id='word_1_336' title='bbox 1417 1587 1466 1622; x_wconf 82' lang='lat' dir='ltr'>ln&#39;c</span> <span class='ocrx_word' id='word_1_337' title='bbox 1495 1587 1533 1621; x_wconf 89' lang='lat' dir='ltr'>de</span> <span class='ocrx_word' id='word_1_338' title='bbox 1560 1589 1686 1622; x_wconf 82' lang='lat' dir='ltr'>ratione</span> <span class='ocrx_word' id='word_1_339' title='bbox 1717 1586 1880 1634; x_wconf 47' lang='lat' dir='ltr'>quantita</span> 
     </span>
     <span class='ocr_line' id='line_1_60' title="bbox 1059 1637 1878 1681; baseline 0 -11"><span class='ocrx_word' id='word_1_340' title='bbox 1059 1643 1130 1671; x_wconf 89' lang='lat' dir='ltr'>tum</span> <span class='ocrx_word' id='word_1_341' title='bbox 1163 1637 1196 1670; x_wconf 89' lang='lat' dir='ltr'>in</span> <span class='ocrx_word' id='word_1_342' title='bbox 1210 1645 1328 1681; x_wconf 81' lang='lat' dir='ltr'>genere</span> <span class='ocrx_word' id='word_1_343' title='bbox 1345 1661 1355 1679; x_wconf 88' lang='lat'>‚</span> <span class='ocrx_word' id='word_1_344' title='bbox 1383 1650 1443 1672; x_wconf 81' lang='lat' dir='ltr'>non</span> <span class='ocrx_word' id='word_1_345' title='bbox 1464 1645 1594 1672; x_wconf 84' lang='lat' dir='ltr'>tantum</span> <span class='ocrx_word' id='word_1_346' title='bbox 1616 1639 1654 1672; x_wconf 83' lang='lat' dir='ltr'>de</span> <span class='ocrx_word' id='word_1_347' title='bbox 1680 1639 1808 1672; x_wconf 80' lang='lat' dir='ltr'>ratione</span> <span class='ocrx_word' id='word_1_348' title='bbox 1822 1648 1878 1671; x_wconf 87' lang='lat' dir='ltr'>nu-</span> 
     </span>
     <span class='ocr_line' id='line_1_61' title="bbox 1060 1687 1881 1735; baseline 0 -14"><span class='ocrx_word' id='word_1_349' title='bbox 1060 1698 1221 1722; x_wconf 79' lang='lat' dir='ltr'>merorum</span> <span class='ocrx_word' id='word_1_350' title='bbox 1236 1688 1361 1732; x_wconf 87' lang='lat' dir='ltr'>agimus</span> <span class='ocrx_word' id='word_1_351' title='bbox 1371 1712 1381 1729; x_wconf 89' lang='lat'>,</span> <span class='ocrx_word' id='word_1_352' title='bbox 1411 1689 1489 1735; x_wconf 80' lang='lat' dir='ltr'>quia</span> <span class='ocrx_word' id='word_1_353' title='bbox 1503 1689 1563 1723; x_wconf 85' lang='lat' dir='ltr'>haec</span> <span class='ocrx_word' id='word_1_354' title='bbox 1578 1687 1722 1723; x_wconf 68' lang='lat' dir='ltr'>doc&#39;irina</span> <span class='ocrx_word' id='word_1_355' title='bbox 1745 1700 1807 1723; x_wconf 89' lang='lat' dir='ltr'>non</span> <span class='ocrx_word' id='word_1_356' title='bbox 1815 1698 1881 1722; x_wconf 75' lang='lat' dir='ltr'>mo-</span> 
     </span>
     <span class='ocr_line' id='line_1_62' title="bbox 1061 1738 1881 1783; baseline 0.002 -12"><span class='ocrx_word' id='word_1_357' title='bbox 1061 1739 1098 1772; x_wconf 90' lang='lat' dir='ltr'>do</span> <span class='ocrx_word' id='word_1_358' title='bbox 1126 1738 1167 1771; x_wconf 88' lang='lat' dir='ltr'>ad</span> <span class='ocrx_word' id='word_1_359' title='bbox 1181 1738 1472 1783; x_wconf 81' lang='lat' dir='ltr'>commensurabilia</span> <span class='ocrx_word' id='word_1_360' title='bbox 1486 1766 1497 1780; x_wconf 87' lang='lat'><em>,</em></span> <span class='ocrx_word' id='word_1_361' title='bbox 1522 1738 1577 1782; x_wconf 84' lang='lat' dir='ltr'>sed</span> <span class='ocrx_word' id='word_1_362' title='bbox 1592 1740 1692 1774; x_wconf 83' lang='lat' dir='ltr'>etiam</span> <span class='ocrx_word' id='word_1_363' title='bbox 1703 1739 1743 1773; x_wconf 88' lang='lat' dir='ltr'>ad</span> <span class='ocrx_word' id='word_1_364' title='bbox 1762 1740 1881 1774; x_wconf 85' lang='lat' dir='ltr'>incom-</span> 
     </span>
     <span class='ocr_line' id='line_1_63' title="bbox 1060 1787 1880 1836; baseline 0.001 -13"><span class='ocrx_word' id='word_1_365' title='bbox 1060 1787 1289 1830; x_wconf 81' lang='lat' dir='ltr'>mensurabilia</span> <span class='ocrx_word' id='word_1_366' title='bbox 1304 1815 1315 1828; x_wconf 93' lang='lat'>‚</span> <span class='ocrx_word' id='word_1_367' title='bbox 1344 1790 1400 1825; x_wconf 83' lang='lat' dir='ltr'>hoc</span> <span class='ocrx_word' id='word_1_368' title='bbox 1415 1788 1458 1830; x_wconf 79' lang='lat' dir='ltr'>est</span> <span class='ocrx_word' id='word_1_369' title='bbox 1471 1791 1510 1824; x_wconf 86' lang='lat' dir='ltr'>ad</span> <span class='ocrx_word' id='word_1_370' title='bbox 1537 1791 1760 1836; x_wconf 81' lang='lat' dir='ltr'>quantitatum</span> <span class='ocrx_word' id='word_1_371' title='bbox 1782 1789 1880 1836; x_wconf 82' lang='lat' dir='ltr'>quod-</span> 
     </span>
     <span class='ocr_line' id='line_1_64' title="bbox 1060 1839 1509 1887; baseline 0 -12"><span class='ocrx_word' id='word_1_372' title='bbox 1060 1840 1111 1875; x_wconf 82' lang='lat' dir='ltr'>vis</span> <span class='ocrx_word' id='word_1_373' title='bbox 1121 1850 1223 1884; x_wconf 87' lang='lat' dir='ltr'>genus</span> <span class='ocrx_word' id='word_1_374' title='bbox 1238 1841 1393 1887; x_wconf 76' lang='lat' dir='ltr'>applicari</span> <span class='ocrx_word' id='word_1_375' title='bbox 1407 1839 1509 1875; x_wconf 76' lang='lat' dir='ltr'>debet.</span> 
     </span>
    </p>

    <p class='ocr_par' dir='ltr' id='par_1_22' title="bbox 1178 1889 1878 1932">
     <span class='ocr_line' id='line_1_65' title="bbox 1178 1889 1878 1932; baseline 0 -3"><span class='ocrx_word' id='word_1_376' title='bbox 1178 1889 1507 1931; x_wconf 73' lang='lat' dir='ltr'>CoRotLA</span> <span class='ocrx_word' id='word_1_377' title='bbox 1541 1903 1607 1931; x_wconf 74' lang='lat' dir='ltr'>Rr</span> <span class='ocrx_word' id='word_1_378' title='bbox 1643 1903 1725 1932; x_wconf 79' lang='grc' dir='ltr'>υΜ</span> <span class='ocrx_word' id='word_1_379' title='bbox 1788 1890 1878 1930; x_wconf 85' lang='grc' dir='ltr'>Ι.-</span> 
     </span>
    </p>

    <p class='ocr_par' dir='ltr' id='par_1_23' title="bbox 1057 1948 1880 2136">
     <span class='ocr_line' id='line_1_66' title="bbox 1112 1948 1880 1989; baseline 0 -7"><span class='ocrx_word' id='word_1_380' title='bbox 1112 1959 1194 1989; x_wconf 80' lang='lat'>129.</span> <span class='ocrx_word' id='word_1_381' title='bbox 1223 1950 1314 1983; x_wconf 84' lang='lat' dir='ltr'>Cum</span> <span class='ocrx_word' id='word_1_382' title='bbox 1336 1949 1369 1983; x_wconf 90' lang='lat' dir='ltr'>in</span> <span class='ocrx_word' id='word_1_383' title='bbox 1395 1948 1612 1985; x_wconf 60' lang='lat' dir='ltr'>suffitionibus</span> <span class='ocrx_word' id='word_1_384' title='bbox 1638 1949 1752 1984; x_wconf 77' lang='lat' dir='ltr'>relatio</span> <span class='ocrx_word' id='word_1_385' title='bbox 1769 1960 1880 1984; x_wconf 76' lang='lat' dir='ltr'>nume.</span> 
     </span>
     <span class='ocr_line' id='line_1_67' title="bbox 1057 1998 1873 2036; baseline 0 -2"><span class='ocrx_word' id='word_1_386' title='bbox 1057 1999 1172 2034; x_wconf 85' lang='lat' dir='ltr'>tatoris</span> <span class='ocrx_word' id='word_1_387' title='bbox 1187 1999 1227 2033; x_wconf 86' lang='lat' dir='ltr'>ad</span> <span class='ocrx_word' id='word_1_388' title='bbox 1245 2000 1530 2035; x_wconf 79' lang='lat' dir='ltr'>denominatorem</span> <span class='ocrx_word' id='word_1_389' title='bbox 1545 1998 1609 2036; x_wconf 87' lang='lat' dir='ltr'>fine</span> <span class='ocrx_word' id='word_1_390' title='bbox 1633 2001 1732 2035; x_wconf 87' lang='lat' dir='ltr'>tertio</span> <span class='ocrx_word' id='word_1_391' title='bbox 1751 1999 1873 2035; x_wconf 87' lang='lat' dir='ltr'>homo-</span> 
     </span>
     <span class='ocr_line' id='line_1_68' title="bbox 1058 2048 1874 2100; baseline -0.001 -16"><span class='ocrx_word' id='word_1_392' title='bbox 1058 2062 1163 2099; x_wconf 85' lang='lat' dir='ltr'>geneo</span> <span class='ocrx_word' id='word_1_393' title='bbox 1184 2048 1320 2085; x_wconf 81' lang='lat' dir='ltr'>affumto</span> <span class='ocrx_word' id='word_1_394' title='bbox 1350 2049 1550 2100; x_wconf 84' lang='lat' dir='ltr'>intelligatur</span> <span class='ocrx_word' id='word_1_395' title='bbox 1584 2049 1655 2098; x_wconf 63' lang='lat'>(5.</span> <span class='ocrx_word' id='word_1_396' title='bbox 1681 2053 1774 2096; x_wconf 83' lang='lat'>59);</span> <span class='ocrx_word' id='word_1_397' title='bbox 1815 2049 1874 2086; x_wconf 81' lang='lat' dir='ltr'>erit</span> 
     </span>
     <span class='ocr_line' id='line_1_69' title="bbox 1060 2109 1209 2136; baseline -0.007 0"><span class='ocrx_word' id='word_1_398' title='bbox 1060 2114 1097 2136; x_wconf 74' lang='lat' dir='ltr'>ea</span> <span class='ocrx_word' id='word_1_399' title='bbox 1114 2109 1209 2135; x_wconf 66' lang='lat'>[3110-</span> 
     </span>
    </p>

    <p class='ocr_par' dir='ltr' id='par_1_24' title="bbox 1107 2150 1833 2196">
     <span class='ocr_line' id='line_1_70' title="bbox 1107 2150 1833 2196; baseline -0.001 -5"><span class='ocrx_word' id='word_1_400' title='bbox 1107 2152 1699 2196; x_wconf 76' lang='lat' dir='ltr'>COROLLARIUM</span> <span class='ocrx_word' id='word_1_401' title='bbox 1760 2150 1833 2192; x_wconf 89' lang='lat'>11.</span> 
     </span>
    </p>

    <p class='ocr_par' dir='ltr' id='par_1_25' title="bbox 1061 2210 1883 2462">
     <span class='ocr_line' id='line_1_71' title="bbox 1116 2210 1879 2259; baseline -0.003 -14"><span class='ocrx_word' id='word_1_402' title='bbox 1116 2221 1198 2252; x_wconf 78' lang='lat'><em>130.</em></span> <span class='ocrx_word' id='word_1_403' title='bbox 1224 2211 1257 2245; x_wconf 89' lang='lat' dir='ltr'>Si</span> <span class='ocrx_word' id='word_1_404' title='bbox 1276 2213 1346 2246; x_wconf 82' lang='lat' dir='ltr'>tluae</span> <span class='ocrx_word' id='word_1_405' title='bbox 1371 2213 1570 2259; x_wconf 79' lang='lat' dir='ltr'>quantitates</span> <span class='ocrx_word' id='word_1_406' title='bbox 1594 2213 1676 2247; x_wconf 86' lang='lat' dir='ltr'>inter</span> <span class='ocrx_word' id='word_1_407' title='bbox 1703 2210 1732 2246; x_wconf 82' lang='lat' dir='ltr'>se</span> <span class='ocrx_word' id='word_1_408' title='bbox 1747 2217 1879 2256; x_wconf 60' lang='lat' dir='ltr'>compad</span> 
     </span>
     <span class='ocr_line' id='line_1_72' title="bbox 1061 2259 1883 2311; baseline -0.002 -16"><span class='ocrx_word' id='word_1_409' title='bbox 1061 2270 1173 2295; x_wconf 83' lang='lat' dir='ltr'>rantur</span> <span class='ocrx_word' id='word_1_410' title='bbox 1200 2259 1266 2295; x_wconf 82' lang='lat' dir='ltr'>sine</span> <span class='ocrx_word' id='word_1_411' title='bbox 1285 2262 1379 2296; x_wconf 82' lang='lat' dir='ltr'>tertia</span> <span class='ocrx_word' id='word_1_412' title='bbox 1409 2262 1619 2311; x_wconf 83' lang='lat' dir='ltr'>homogenea</span> <span class='ocrx_word' id='word_1_413' title='bbox 1639 2259 1771 2297; x_wconf 71' lang='lat' dir='ltr'>assumta</span> <span class='ocrx_word' id='word_1_414' title='bbox 1786 2284 1798 2302; x_wconf 89' lang='lat'><strong>,</strong></span> <span class='ocrx_word' id='word_1_415' title='bbox 1827 2268 1883 2294; x_wconf 85' lang='lat' dir='ltr'>aut</span> 
     </span>
     <span class='ocr_line' id='line_1_73' title="bbox 1063 2309 1882 2360; baseline -0.005 -13"><span class='ocrx_word' id='word_1_416' title='bbox 1063 2325 1126 2347; x_wconf 88' lang='lat' dir='ltr'>una</span> <span class='ocrx_word' id='word_1_417' title='bbox 1167 2309 1257 2346; x_wconf 74' lang='lat' dir='ltr'>alteri</span> <span class='ocrx_word' id='word_1_418' title='bbox 1287 2311 1418 2360; x_wconf 66' lang='lat' dir='ltr'>aequalis</span> <span class='ocrx_word' id='word_1_419' title='bbox 1438 2340 1448 2353; x_wconf 89' lang='lat'><em>,</em></span> <span class='ocrx_word' id='word_1_420' title='bbox 1492 2323 1548 2348; x_wconf 83' lang='lat' dir='ltr'>aut</span> <span class='ocrx_word' id='word_1_421' title='bbox 1569 2311 1734 2360; x_wconf 83' lang='lat' dir='ltr'>inaequalis</span> <span class='ocrx_word' id='word_1_422' title='bbox 1770 2311 1882 2357; x_wconf 85' lang='lat' dir='ltr'>depre-</span> 
     </span>
     <span class='ocr_line' id='line_1_74' title="bbox 1063 2360 1881 2410; baseline -0.004 -14"><span class='ocrx_word' id='word_1_423' title='bbox 1063 2362 1213 2397; x_wconf 86' lang='lat' dir='ltr'>henditur</span> <span class='ocrx_word' id='word_1_424' title='bbox 1235 2360 1248 2408; x_wconf 90' lang='lat'>(</span> <span class='ocrx_word' id='word_1_425' title='bbox 1263 2366 1305 2405; x_wconf 62' lang='lat'>5.</span> <span class='ocrx_word' id='word_1_426' title='bbox 1324 2365 1400 2406; x_wconf 83' lang='lat'><em>83).</em></span> <span class='ocrx_word' id='word_1_427' title='bbox 1442 2365 1543 2400; x_wconf 87' lang='lat' dir='ltr'>Ratio</span> <span class='ocrx_word' id='word_1_428' title='bbox 1571 2364 1681 2410; x_wconf 88' lang='lat' dir='ltr'>itaque</span> <span class='ocrx_word' id='word_1_429' title='bbox 1707 2360 1758 2397; x_wconf 88' lang='lat' dir='ltr'>vel</span> <span class='ocrx_word' id='word_1_430' title='bbox 1779 2371 1881 2406; x_wconf 77' lang='lat' dir='ltr'>aequa-</span> 
     </span>
     <span class='ocr_line' id='line_1_75' title="bbox 1061 2411 1518 2462; baseline 0.002 -14"><span class='ocrx_word' id='word_1_431' title='bbox 1061 2412 1160 2448; x_wconf 84' lang='lat' dir='ltr'>litatis</span> <span class='ocrx_word' id='word_1_432' title='bbox 1176 2441 1186 2453; x_wconf 96' lang='lat'><em>‚</em></span> <span class='ocrx_word' id='word_1_433' title='bbox 1216 2411 1267 2447; x_wconf 90' lang='lat' dir='ltr'>vel</span> <span class='ocrx_word' id='word_1_434' title='bbox 1282 2413 1518 2462; x_wconf 72' lang='lat' dir='ltr'>inaequalitaitis.</span> 
     </span>
    </p>

    <p class='ocr_par' dir='ltr' id='par_1_26' title="bbox 1115 2461 1880 2613">
     <span class='ocr_line' id='line_1_76' title="bbox 1152 2461 1794 2507; baseline -0.011 -1"><span class='ocrx_word' id='word_1_435' title='bbox 1152 2466 1648 2507; x_wconf 61' lang='lat' dir='ltr'>CoRoLLAizluM</span> <span class='ocrx_word' id='word_1_436' title='bbox 1699 2461 1794 2502; x_wconf 87' lang='grc' dir='ltr'><strong>ΙΙΙ.</strong></span> 
     </span>
     <span class='ocr_line' id='line_1_77' title="bbox 1115 2524 1880 2611; baseline -0.008 -46"><span class='ocrx_word' id='word_1_437' title='bbox 1115 2540 1197 2577; x_wconf 85' lang='lat'><strong>¹3¹·</strong></span> <span class='ocrx_word' id='word_1_438' title='bbox 1222 2528 1258 2564; x_wconf 86' lang='lat' dir='ltr'>Si</span> <span class='ocrx_word' id='word_1_439' title='bbox 1281 2528 1410 2565; x_wconf 83' lang='lat' dir='ltr'>termini</span> <span class='ocrx_word' id='word_1_440' title='bbox 1440 2528 1578 2566; x_wconf 81' lang='lat' dir='ltr'>rationis</span> <span class='ocrx_word' id='word_1_441' title='bbox 1596 2525 1716 2564; x_wconf 82' lang='lat' dir='ltr'>fuerint</span> <span class='ocrx_word' id='word_1_442' title='bbox 1737 2524 1880 2611; x_wconf 69' lang='lat' dir='ltr'>inaequa-</span> 
     </span>
     <span class='ocr_line' id='line_1_78' title="bbox 1406 2581 1880 2613; baseline -0.013 0"><span class='ocrx_word' id='word_1_443' title='bbox 1406 2581 1428 2613; x_wconf 76' lang='lat' dir='ltr'><strong>F</strong></span> <span class='ocrx_word' id='word_1_444' title='bbox 1455 2592 1474 2613; x_wconf 71' lang='grc' dir='ltr'><strong>Ζ</strong></span> <span class='ocrx_word' id='word_1_445' title='bbox 1823 2583 1880 2611; x_wconf 65' lang='lat' dir='ltr'>es,</span> 
     </span>
    </p>
   </div>
  </div>
 </body>
</html>
