2101 2869
236 203 292 246 92
466 194 487 203 '⁹
587 190 1004 239 ELEMENTA
1064 187 1651 234 ARITHMETICAE.·

249 308 353 352 apex⁴
376 293 484 350 quoti
509 292 719 334 inveniatur
737 321 748 339 ‚
782 291 807 332 fi
837 305 933 346 apex
969 288 1061 329 divi-

247 354 338 396 'soris
373 354 422 394 ab
457 354 562 408 apice
596 350 790 393 dividendi
825 348 1060 391 subtrahatur

250 414 267 468 (
280 420 319 461 ᾗ.
334 412 446 466 343)
479 416 517 453 &
558 410 764 451 dividendo
806 410 1060 463 adjungantur

247 473 396 527 cyphrae
411 502 423 520 ,
446 471 470 511 fi
486 469 624 511 divisor
645 470 766 520 major
782 468 892 510 fuerit
923 467 981 508 vel
1007 466 1060 508 di-

248 532 451 575 videndum
471 545 547 571 non
567 529 752 568 metiatur.

296 594 330 627 E.
354 604 403 639 gr.
438 590 470 624 Si
501 598 770 628 0·00²014279
808 587 971 621 dividatur
999 598 1057 634 per

248 656 282 680 o.
303 653 396 682 0047
415 665 425 679 ‚
457 648 576 686 quotus
603 638 649 675 est
671 651 704 674 0.
728 641 849 681 42857
881 639 943 678 (ᾗ.
974 648 1055 679 374.

249 694 358 736 210),
388 690 557 725 Nimirum
597 700 766 729 2014279
804 687 960 722 dividitur
1000 699 1055 734 per

246 755 291 784 47
317 767 327 781 ‚
366 751 401 776 ut
436 739 621 774 obtineatur
662 747 784 785 quotus
818 741 953 781 42857.
981 739 1056 776 Jam

246 805 322 827 cum
343 801 428 826 notae
455 788 601 824 divisoris
630 800 652 829 4
684 789 858 823 conveniat
885 800 964 835 apex
987 792 1056 829 3&

247 854 332 879 notae
354 839 518 876 dividendi
544 853 564 873 0
588 851 666 887 apex
692 850 737 880 4,
766 836 947 873 differentia
975 849 989 873 1
1010 837 1055 872 est

247 906 328 941 apex
349 903 432 926 notae
455 891 564 938 primce
587 889 681 936 quoti
706 902 739 930 4.
770 892 858 923 Cum
874 890 955 924 adeo
972 901 1055 935 quo-

247 942 297 979 tus
323 942 453 989 incipiat
487 954 504 974 a
532 939 676 987 partibus
696 939 853 976 decimis,
882 949 917 974 ut
945 939 1055 973 omnia

245 993 320 1028 loca
343 991 568 1039 compleantur
591 990 696 1024 eidem
712 988 888 1036 praefigitur
910 988 1053 1036 cyphra,

248 1056 323 1078 cum
350 1041 474 1077 nullum
500 1040 653 1075 fractioni
682 1039 842 1074 adhaereat
877 1040 1053 1087 integrum.

248 1093 398 1132 Similiter
429 1091 451 1126 si
489 1105 522 1128 ο.
554 1102 772 1131 002014279
806 1090 967 1124 dividatur
998 1101 1055 1137 pet

248 1157 282 1178 o.
312 1147 429 1186 42857
448 1166 458 1184 ,
488 1150 609 1188 quotus
636 1141 679 1176 est
705 1154 738 1176 o.
756 1153 848 1181 0047
877 1138 1053 1185 (ficit.)-

248 1194 416 1232 Nimirum
445 1204 614 1233 2014279
648 1191 804 1226 dividitur
827 1203 883 1238 per
907 1195 1054 1232 42857,

247 1254 284 1279 ut
309 1244 495 1278 obtineatur
521 1251 642 1289 quotus
675 1254 735 1284 47.
765 1244 840 1281 Jam
868 1254 943 1275 cum
970 1250 1055 1275 notae

247 1295 411 1329 dividendi
438 1308 458 1328 o
481 1293 656 1327 conveniat
677 1305 756 1339 apex
785 1305 807 1331 4
835 1295 869 1326 &
890 1303 976 1327 notce
1011 1292 1056 1325 di-

247 1343 358 1379 visoris
389 1357 410 1385 4
448 1357 528 1392 apex
562 1356 575 1378 1
595 1367 607 1384 ,
637 1341 814 1378 differentia
847 1354 860 1384 3
899 1342 941 1376 est
974 1355 1054 1388 apex

246 1406 332 1431 notae
353 1394 447 1442 quoti
468 1406 502 1436 4.
556 1396 643 1428 Cum
667 1394 749 1428 adeo
776 1402 897 1439 quotus
924 1392 1056 1439 incipiat

247 1459 265 1479 a
290 1445 453 1492 particulis
481 1442 654 1478 millesimis
695 1445 758 1485 (J.
795 1446 916 1485 364),
948 1443 1052 1477 eidem

248 1494 449 1544 praefigenclae
487 1494 557 1529 sunt
591 1493 720 1541 cyphrae
749 1505 794 1535 3,
832 1503 867 1528 ut
898 1491 1055 1528 habeatur

246 1545 362 1582 fractio
384 1544 548 1594 completa·
571 1558 603 1579 ο.
620 1556 731 1586 0047.

346 1599 851 1638 CORoLLARIUM
914 1594 944 1633 Ι.

301 1660 381 1698 380.
407 1654 533 1702 Qodfi
564 1652 682 1689 divisor
703 1652 800 1688 fuerit
825 1652 940 1689 fractio
967 1652 1050 1687 deci-

246 1705 337 1741 malis
368 1706 619 1753 approximans,
647 1704 796 1750 adeoque
830 1712 907 1737 nota
934 1701 1050 1738 ultima

247 1755 297 1791 vel
331 1756 414 1803 justo
445 1758 550 1802 major
572 1779 580 1791 ‚
619 1752 670 1789 vel
701 1754 810 1787 minor
837 1755 899 1795 (ᾗ.
922 1765 987 1799 371
1008 1752 1049 1797 );

245 1805 370 1842 saetam
390 1818 427 1840 ex
449 1804 586 1840 divisore
614 1805 646 1839 in
666 1813 807 1851 quotum
828 1803 951 1838 duabus
977 1802 1049 1837 ulti-

242 1857 307 1891 mis
330 1856 415 1890 notis
441 1853 576 1890 deficere
612 1855 725 1902 potest.
779 1857 893 1899 Qare
922 1866 1000 1887 cum-
1030 1868 1048 1888 a

243 1907 332 1942 notis
354 1906 517 1940 dividendi
546 1903 599 1939 vel
636 1905 718 1949 justo
746 1902 842 1952 plus,
870 1902 921 1939 vel
942 1904 1047 1938 minus

242 1955 470 1992 subtrahaturs
498 1955 555 1989 ubi
581 1953 702 1990 divisor
727 1956 766 1988 ad
799 1951 923 1988 eafilem
950 1953 1049 1989 fuerit

240 2017 412 2054 promotus
432 2030 442 2044 ,
475 2015 560 2040 notae
598 2005 693 2052 quoti
726 2005 856 2039 incertae
897 2005 1048 2039 evadent.

242 2060 278 2092 E.
303 2069 351 2104 gr.
380 2057 413 2090 Si
450 2056 639 2090 dividendus
673 2054 771 2090 fuerit
800 2066 856 2089 21.
887 2061 983 2097 3456
1017 2058 1050 2089 Sc

244 2106 361 2141 divisor
384 2118 413 2148 3.
435 2109 478 2142 82
503 2104 619 2138 fruitio
640 2105 868 2152 approximans
883 2127 894 2143 ,
921 2103 1048 2140 nonnisi

244 2158 339 2192 unica
360 2165 438 2192 nota
459 2157 554 2202 quoti
573 2166 588 2198 ς
607 2164 692 2190 certa
712 2155 766 2190 est.

330 2224 824 2263 CoRoLLARIUM
886 2222 952 2261 IL

298 2297 374 2335 381.
403 2293 434 2326 Si
457 2291 645 2325 dividendus
665 2290 760 2326 fuerit
776 2291 893 2326 frnCtio
910 2291 1050 2325 decima-

234 2343 280 2379 ‘lis
306 2342 534 2389 approximans
551 2365 561 2381 ,
590 2340 708 2375 divisor
739 2343 894 2384 exustus·³
922 2338 1050 2374 nonnisi

242 2403 356 2429 notam
380 2392 472 2438 quoti
491 2390 636 2425 ultimam
658 2389 790 2426 subinde
804 2391 959 2427 incertam
977 2402 1050 2425 eva.

242 2445 318 2482 dere
344 2439 429 2488 posse
452 2450 549 2489 patet.

331 2494 830 2536 COROLLARIUM
894 2491 977 2530 III.

236 2542 237 2546 ’
294 2565 377 2605 382.
407 2559 436 2594 Si
467 2564 500 2595 &
532 2557 676 2597 dirior,
705 2562 738 2593 &
769 2558 956 2593 dividendus
983 2556 1050 2593 fue-

1153 287 1216 322 rint
1243 286 1417 325 fraitiones
1440 287 1731 336 approximantes,
1761 285 1890 321 evidens
1917 287 1961 322 est

1151 351 1251 386 porro
1286 338 1318 372 in
1354 339 1606 373 determinandis
1632 337 1711 371 locis
1740 338 1834 371 certis
1864 335 1961 384 respi-

1150 389 1300 423 ciendum
1331 387 1391 424 effe
1420 388 1471 422 vel
1500 389 1711 424 dividendum
1733 411 1743 427 ,
1771 386 1823 422 vel
1845 386 1962 421 diviso-

1150 451 1243 476 rem,
1271 447 1370 486 prout
1406 436 1576 476 divisoris,
1605 436 1658 474 vel
1685 437 1850 472 dividendi
1882 446 1962 472 nota

1150 488 1301 523 deficiens
1327 489 1462 535 propior
1483 488 1580 524 fuerit
1598 488 1708 535 primae
1728 486 1874 521 divispris
1903 500 1962 522 no.

1150 548 1200 574 tae,
1254 540 1288 572 Ε.
1317 551 1366 587 gr.
1404 538 1437 572 Si
1464 537 1583 574 divisor
1609 537 1646 573 sit
1673 551 1705 572 2.
1737 541 1842 581 5786.
1879 537 1961 572 divi-

1148 589 1272 625 dendus
1301 599 1331 630 3.
1364 594 1433 629 067
1454 615 1463 627 ,
1493 590 1640 634 adeoque
1670 588 1801 634 cyphris
1839 600 1963 635 augen-

1147 640 1225 677 dus,
1242 648 1277 672 ut
1297 637 1410 674 divisio
1437 637 1505 673 fieri
1532 637 1649 686 possit3
1679 637 1811 672 evidens
1831 637 1875 671 est
1891 650 1959 672 cer.

1146 690 1316 725 titudinem
1351 688 1493 735 expirare
1527 691 1560 722 in
1588 697 1667 722 nota
1692 689 1785 722 tertia
1812 685 1958 722 divisoris

1145 745 1186 782 6,
1211 738 1444 786 consequenter
1470 738 1588 785 junffls
1608 736 1733 772 duabus
1760 736 1888 785 cyphris
1907 738 1958 771 di-

1145 788 1305 826 vifionem
1330 801 1369 823 eo
1393 786 1493 835 usque
1515 787 1700 823 contii-mari
1715 811 1726 830 ‚
1754 797 1790 822 ut
1821 787 1958 834 prodeat

1144 849 1264 887 quotus
1289 848 1395 874 certus
1427 848 1459 874 Ι.
1484 851 1518 874 1.

1222 891 1666 930 PROBLEMA
1728 888 1878 930 XLV.

1208 961 1304 1003 383.
1330 948 1454 993 NJtas
1474 965 1591 992 certas
1615 957 1655 992 in
1684 954 1956 1005 multiplicatio-

1143 1029 1187 1053 ne
1209 1012 1253 1057 ὠ
1279 1013 1454 1066 divssone
1469 1012 1701 1065 [ναι-Ἡρωίνῃ
1727 1007 1956 1051 decimalium

1142 1075 1474 1130 approximantium
1499 1075 1711 1112 accuratius
1740 1071 1957 1112 determina-

1143 1148 1194 1174 ΤΕ.

1300 1193 1796 1234 REsoLUTIO.

1203 1267 1317 1307 Notae
1364 1263 1549 1305 fastorum
1596 1263 1770 1305 dextimae
1814 1263 1957 1304 suman-

1143 1337 1205 1364 tur
1237 1338 1335 1364 nunc
1369 1324 1465 1374 justo
1501 1324 1660 1374 majores
1680 1353 1692 1371 ‚
1724 1337 1822 1364 nunc
1856 1323 1954 1375 justo

1145 1384 1307 1424 minores
1326 1398 1334 1425 ς
1356 1383 1393 1422 in
1415 1381 1594 1422 divisione
1624 1397 1721 1423 nunc
1752 1395 1841 1422 nota
1863 1381 1955 1422 dex-

1144 1444 1233 1485 tima
1260 1443 1296 1482 in
1310 1440 1515 1481 dividendo
1543 1442 1640 1492 justo
1660 1442 1779 1492 major
1799 1471 1808 1483 ‚
1839 1442 1875 1480 in
1901 1440 1955 1480 di-

1144 1500 1368 1553 visorejusto
1399 1500 1521 1539 minor
1547 1503 1585 1540 &
1617 1513 1746 1540 contra
1774 1516 1783 1538 z
1815 1513 1898 1554 quae
1918 1499 1955 1539 in

1146 1573 1304 1615 utraque
1332 1558 1641 1612 multiplicatione
1688 1573 1732 1599 ac
1773 1557 1955 1599 divisione

1146 1619 1286 1663 eaedem
1317 1618 1543 1673 proveniunt
1577 1630 1676 1659 notae
1692 1647 1705 1666 ,
1727 1631 1777 1658 eae
1793 1615 1952 1658 suntac-

1146 1692 1292 1721 curatae.

1196 1735 1325 1785 Qodfi
1363 1749 1442 1784 ergo
1467 1736 1500 1770 in
1526 1735 1673 1783 exemplo
1700 1735 1852 1784 superiori
1869 1733 1953 1770 mul-

1145 1787 1352 1837 tiplicationis
1366 1810 1376 1828 ,
1392 1785 1450 1821 ubi
1476 1796 1562 1822 notae
1578 1786 1697 1822 ultimae
1712 1786 1877 1822 faetorum
1893 1799 1953 1834 po-

1145 1848 1266 1875 nuntur
1306 1837 1391 1884 justo
1443 1837 1609 1875 minores,
1645 1850 1759 1873 eorum
1793 1836 1870 1871 loco
1903 1834 1954 1870 su-

1528 1898 1658 1923 mantur
1682 1891 1737 1924 18.
1764 1890 1831 1933 358
1855 1890 1890 1921 &
1915 1892 1953 1920 6.

1319 1949 1332 1972 1
1349 1940 1378 1974 8.
1394 1948 1406 1979 3
1425 1949 1439 1981 5
1456 1942 1475 1975 8
1534 1949 1572 1980 35
1594 1951 1603 1977 3
1624 1937 1748 1974 fastum
1772 1936 1862 1983 quod
1894 1935 1954 1970 ob..

1374 1994 1472 2035 6-35
1530 1989 1649 2023 timetur
1709 1992 1790 2023 116.
1832 1997 1951 2029 57330

1173 2060 1493 2069 -—-—--—-—
1534 2041 1689 2076 convenit
1704 2053 1778 2074 cum
1810 2037 1951 2087 superio-

1325 2107 1488 2138 91790
1535 2095 1675 2130 ri116.
1719 2097 1834 2136 38338
1870 2106 1954 2139 quo-

1294 2158 1308 2191 5
1330 2158 1345 2189 5
1360 2160 1380 2180 o
1398 2158 1417 2187 7
1435 2157 1458 2186 4
1533 2146 1573 2179 ad
1597 2154 1658 2180 tres
1683 2153 1778 2178 notas
1797 2144 1954 2177 dextimas

1222 2199 1407 2238 110148
1533 2202 1635 2231 116:
1666 2208 1709 2229 eae
1747 2194 1847 2241 igitur
1881 2191 1953 2227 solae

1411 2268 1491 2276 -—-
1526 2256 1618 2281 certae
1656 2245 1737 2281 sunt.
1789 2246 1878 2278 Patet
1897 2255 1953 2277 au-

1225 2318 1239 2342 1
1257 2319 1270 2342 1
1296 2313 1351 2350 6.5
1366 2318 1384 2347 7
1401 2317 1413 2347 3
1433 2316 1444 2347 3
1461 2318 1481 2338 0
1535 2312 1599 2337 tem
1616 2310 1736 2336 certam
1753 2298 1792 2335 fic
1807 2297 1876 2333 fieri
1892 2311 1952 2332 no-

1534 2362 1601 2387 tam
1639 2351 1766 2386 tertiam
1800 2356 1822 2383 6
1835 2372 1846 2388 ‚
1880 2361 1951 2395 quae

1144 2419 1200 2456 per
1210 2405 1370 2454 superiora
1379 2405 1411 2439 in
1421 2403 1524 2440 dubio
1535 2400 1777 2448 relinquebatur
1794 2397 1849 2444 (5.
1858 2410 1870 2440 3
1880 2399 1950 2440 76).

1144 2457 1297 2494 Similiter
1317 2454 1338 2489 fi
1365 2456 1396 2489 in
1424 2454 1574 2501 exemplo
1594 2450 1757 2486 divisionis
1795 2448 1952 2497 superiori

1145 2510 1208 2548 (J.
1230 2511 1291 2544 ζει
1308 2504 1320 2551 )
1338 2518 1421 2539 nunc
1439 2508 1530 2546 3068
1559 2502 1680 2537 dividas
1711 2513 1768 2548 per
1790 2512 1820 2534 2.
1843 2502 1950 2543 5786,

1143 2570 1230 2594 nunc
1251 2562 1340 2600 3067
1369 2567 1423 2604 per
1447 2567 1478 2589 ι.
1498 2559 1589 2599 5737
1608 2575 1619 2591 ,
1639 2560 1753 2600 quotus
1772 2549 1954 2631 urobiqu?b

1909 2609 1925 2632 e
