2101 2869
223 180 263 217 ε’
531 168 619 208 DE
673 166 1037 206 METHODO
1093 160 1689 214 MATHEMATICAV

221 266 367 323 gulares
395 262 628 318 percipimus.
651 260 913 314 Qamobrem
932 259 981 299 ad
1003 257 1044 297 il-

222 327 275 367 las
298 336 508 378 provocans
531 319 651 362 casum
675 319 892 373 singularem
912 319 948 357 in
969 331 1044 357 me-

222 385 326 425 dium
344 380 512 435 proferre
537 392 684 420 tenetur
699 407 708 424 ‚
728 377 790 416 nisi
813 377 872 416 vel
899 374 1010 415 sensui
1029 405 1040 423 ,

225 442 285 482 vel
313 440 500 480 memoriae
528 439 660 478 fuerint
685 436 806 476 obvim
829 454 838 470 .-
872 434 909 474 id
937 434 1042 488 quod

226 502 263 542 in
284 498 442 540 Mathesi
461 495 680 538 exactissime
700 492 930 534 observatur.
965 496 1044 533 Ne-

226 573 302 614 que
338 558 435 598 enim
457 586 467 603 ‚
494 571 527 596 e.
542 569 597 609 gr.
629 555 665 592 in
684 552 925 592 Astronomia
946 551 1043 592 Solis

226 617 377 659 orientis
431 619 468 655 δε
508 612 711 654 occidentis
763 608 1043 650 observationes

226 673 457 717 recensentur
484 703 494 716 ,
545 683 676 724 utpote
728 668 955 723 quotidianae
1000 683 1043 707 ac

226 734 401 775 omnibus
437 730 518 771 satis
557 742 669 769 notae.
732 727 915 768 Diametri
952 740 1044 766 vero

198 804 206 806 “
226 792 434 848 apparentis
484 790 717 828 Planetarum
748 784 1041 832 observationes,

227 867 250 893 a
281 849 430 891 diversis
447 847 694 892 Astronomis‚
725 856 897 899 tempore
922 844 1044 884 diver-

226 910 266 952 so
288 940 299 957 ,
327 907 551 961 diversisque
566 904 812 945 instrumentis
833 903 1042 949 celebratae,

225 969 384 1010 fideliter
428 965 661 1010 referuntur,
697 976 781 1002 cum
820 977 897 1003 non
919 963 956 1001 in
984 975 1045 1001 cu-

226 1029 337 1081 jusvis
357 1026 538 1082 potestate
575 1023 741 1064 existant.

289 1100 325 1142 §.
349 1101 413 1143 36.
443 1091 700 1132 Mathematici
719 1104 874 1146 quoque
904 1089 1047 1144 experi—

228 1157 345 1196 entias
376 1167 397 1192 a
435 1149 733 1191 conclusionibus
763 1151 849 1191 inde
876 1149 1045 1189 deductis

227 1224 399 1256 accurate
422 1210 671 1264 distinguunt,
693 1209 770 1249 aliis
790 1221 829 1248 ut
848 1208 1046 1262 plurimum

229 1275 294 1313 has
333 1285 417 1311 cnm
447 1269 516 1307 istis
551 1267 879 1308 confundentibus.
908 1269 950 1307 E.
990 1280 1044 1320 gr.

230 1327 522 1385 Qod2candela
532 1324 879 1380 accensa‚corpora,
890 1339 973 1380 quae
985 1339 1048 1365 an-

229 1403 268 1431 te
305 1403 381 1429 non
425 1386 657 1441 apparebant
685 1415 697 1432 ,
734 1387 770 1425 in
814 1383 1047 1438 conspectum

230 1448 414 1503 prodeant
432 1474 443 1492 ,
470 1459 536 1499 per
556 1444 821 1499 experientiam
841 1441 1045 1483 innotescit.

229 1505 375 1563 Quodsi
393 1517 483 1544 vero
501 1503 753 1558 perpendens,
767 1503 892 1542 lumen
913 1503 949 1541 in
964 1515 1048 1541 cau-

231 1566 266 1607 sa
284 1563 354 1605 esse
366 1593 378 1611 ,
399 1577 463 1603 cur
482 1562 644 1603 tenebris
653 1560 808 1602 discuffis
821 1567 1046 1615 appareant,

233 1628 271 1665 ὃς
290 1636 362 1663 una
379 1621 590 1675 expendens
608 1634 729 1660 rerum
745 1620 967 1660 naturalium
987 1633 1049 1679 eo-

233 1684 321 1724 dem
348 1681 465 1720 modo
486 1678 520 1719 se
543 1679 758 1719 habentium
787 1679 951 1719 eundem
978 1679 1049 1718 esse

232 1741 404 1782 effeetum
417 1769 426 1780 ‚
446 1738 565 1778 infero
579 1738 797 1792 §Qicquid
819 1737 957 1776 lumine
975 1737 1049 1776 col-

232 1800 427 1843 lustratur,
454 1796 573 1836 videri
608 1797 727 1851 potest
753 1815 763 1836 .·
802 1795 879 1835 haec
913 1809 1049 1851 propo-

233 1858 314 1899 fitio
345 1871 420 1896 non
444 1856 480 1894 in
510 1855 844 1908 experientiarum2
872 1852 935 1894 sed
963 1869 1051 1894 con-

234 1915 438 1958 clufionum
471 1927 538 1966 per
573 1913 776 1967 legitimam
823 1911 1050 1967 consequen-

234 1976 323 2016 tIam
353 1972 439 2013 inde
465 1972 714 2012 derivatarum
741 1986 936 2012 numerum
961 1971 1049 2011 refe-

234 2033 362 2074 renda.
407 2055 410 2057 -

292 2111 330 2152 §.
353 2115 417 2155 37.
439 2102 647 2143 Istiusmodi
669 2103 921 2144 conclusiones
941 2102 1049 2144 omis-

234 2164 276 2204 fis
297 2162 528 2217 experientiis
550 2175 890 2202 commemorantur
903 2192 912 2205 ,
933 2162 956 2201 si
970 2177 1049 2202 mo-

234 2223 303 2263 dus
324 2251 333 2264 ‚
368 2234 445 2274 quo
477 2234 523 2260 ex
549 2219 603 2258 his
628 2220 847 2267 eliciuntur,
875 2222 1048 2261 omnibus

234 2280 343 2320 fuerit
372 2279 541 2332 cognitus
559 2290 672 2331 atque
688 2276 907 2333 perspectus.
932 2283 972 2319 E.
991 2294 1045 2334 gr.

235 2339 443 2378 Maximam
464 2336 562 2375 Solis
583 2336 872 2377 declinationem
894 2353 968 2378 non
984 2340 1049 2377 im-

235 2396 395 2436 mediate
427 2394 598 2434 metimur
615 2423 626 2440 ,
651 2393 711 2434 sed
735 2410 781 2434 ex
807 2397 893 2435 data
927 2396 1048 2437 eleva-

235 2456 336 2497 tione
360 2453 572 2509 AEquatoris
602 2456 640 2496 ὃ(
667 2453 861 2495 altitudine
882 2455 1048 2496 meridia·

1086 1344 1094 2074 .‚-.---„..—..c-.-.-.--—.-—-—————————-

1085 2475 1090 2535 l

1137 271 1182 298 na
1214 257 1310 297 Solis
1337 258 1375 298 in
1405 256 1556 298 solstitio
1589 257 1806 300 invenimus·
1870 263 1957 302 Pro-

1135 317 1230 371 prias
1258 316 1367 370 igitur
1397 317 1446 357 de
1471 330 1515 357 ea
1542 315 1818 358 observationes
1842 321 1956 359 tradi-

1135 387 1237 414 turus
1260 404 1272 422 ,
1309 389 1383 415 non
1413 375 1644 415 altitudinem
1677 376 1773 416 Solis
1807 378 1956 418 meridi-

1134 447 1242 473 anam
1274 434 1309 472 in
1350 433 1501 473 solstitio
1529 431 1764 474 observatam
1797 446 1955 476 annotet

1133 506 1228 546 opus
1253 493 1303 531 est
1323 521 1334 538 ,
1372 490 1431 531 sed
1468 490 1629 531 sufficere
1652 494 1797 546 potest,
1833 505 1873 533 ut
1902 494 1957 548 ip-

1133 549 1209 590 sam
1239 550 1529 590 declinationem
1563 551 1683 590 statim
1702 551 1853 592 indicet.
1916 553 1954 594 Si

1132 608 1231 649 enim
1266 609 1407 648 constet
1427 637 1439 655 ,
1481 620 1659 662 quantam
1701 609 1954 650 elevationem

1132 666 1347 720 AEquatoris
1374 665 1595 708 assumserim
1619 681 1688 707 nec
1718 681 1859 721 quanta
1881 683 1955 709 me-

1133 726 1273 765 ridiana
1301 724 1411 764 fuerit
1432 725 1593 765 altitudo
1623 725 1718 766 Solis
1745 727 1950 780 ignoratur.

1133 783 1252 838 Qod
1290 782 1316 822 fi
1361 797 1454 823 vero
1491 797 1567 823 non
1605 797 1781 838 appareat
1808 814 1821 832 ,
1861 798 1955 840 quo-

1132 842 1251 882 modo
1277 842 1483 896 propofitio
1509 842 1596 881 data
1623 856 1669 881 ex
1697 843 1831 896 praevia
1863 857 1953 898 qua-

1131 901 1219 941 dam
1245 901 1474 954 experientia
1498 900 1683 943 eliciatur5
1708 900 1806 942 casus
1839 901 1956 956 fingu-

1131 960 1214 1000 laris
1241 960 1398 999 omnino
1422 958 1688 1006 adducendus,
1711 972 1751 999 ut
1775 961 1870 1000 ratio
1891 961 1955 1001 de-

1131 1017 1313 1058 dustionis
1360 1017 1409 1057 ad
1449 1031 1608 1057 examen
1639 1019 1809 1058 revocari
1832 1018 1955 1072 poffit.

1132 1076 1250 1123 Quod
1283 1075 1380 1115 enim
1410 1075 1551 1130 aliquid
1590 1077 1822 1130 perceperis,
1864 1091 1950 1117 cum

1131 1135 1386 1175 demonstrare
1404 1148 1567 1188 nequeas
1588 1149 1597 1176 3
1627 1146 1667 1174 ut
1689 1135 1880 1182 credatur,
1898 1137 1954 1186 ju-

1134 1209 1172 1234 re
1199 1190 1342 1248 poscis:
1371 1190 1433 1232 sed
1459 1193 1660 1246 quomodo
1689 1206 1803 1234 unum
1831 1208 1878 1233 ex
1903 1194 1954 1234 al-

1132 1264 1214 1292 tero
1245 1251 1448 1291 deductum
1480 1250 1591 1290 fuerit
1620 1281 1630 1297 ,
1676 1265 1761 1291 cum
1800 1253 1953 1292 rationis

1131 1310 1291 1365 examini
1327 1307 1436 1348 subsit
1457 1338 1467 1356 ,
1499 1321 1540 1349 ut
1570 1308 1661 1350 fides
1693 1309 1859 1351 dedustis
1890 1311 1952 1353 ha-

1132 1369 1262 1409 beatur
1282 1397 1294 1414 ,
1330 1367 1404 1407 fine
1435 1368 1577 1408 ratione
1608 1368 1762 1423 flagitas,

1191 1448 1224 1490 §.
1278 1451 1344 1493 38.
1399 1443 1605 1497 Propositio
1647 1444 1854 1487 theoretica
1903 1460 1951 1487 ex

1131 1503 1295 1558 pluribus
1335 1501 1616 1542 definitionibus
1648 1503 1742 1543 inter
1771 1501 1807 1544 se
1838 1505 1951 1545 colla-

1131 1563 1178 1601 tis
1225 1573 1328 1601 eruta
1378 1560 1574 1601 Theorema
1619 1560 1837 1615 appellatur.
1907 1566 1950 1605 E.

1131 1634 1186 1675 gr.
1229 1620 1265 1660 Si
1297 1619 1333 1658 in
1369 1620 1594 1660 Geometria
1621 1619 1846 1673 triangulum
1866 1635 1952 1662 curn

1130 1677 1481 1734 parallelogrammo
1512 1676 1616 1732 super
1646 1677 1779 1718 eadem
1811 1679 1886 1719 basi
1913 1683 1952 1721 &

1131 1735 1293 1788 ejusdem
1327 1736 1527 1776 altitudinis
1559 1734 1774 1784 confertur,
1808 1741 1847 1778 &
1866 1752 1951 1792 par-

1131 1797 1197 1835 tim
1228 1794 1440 1834 immediate
1469 1809 1515 1834 ex
1547 1794 1628 1849 ipsis
1661 1796 1866 1836 eorundem
1887 1797 1951 1837 de-

1132 1853 1385 1894 finitionibus,
1426 1853 1560 1906 partim
1600 1867 1647 1892 ex
1679 1853 1757 1893 aliis
1788 1853 1949 1908 ipsorum

1132 1912 1419 1968 proprietatibus
1460 1912 1535 1963 jam
1574 1923 1660 1951 ante
1699 1912 1812 1951 erutis
1843 1912 1950 1954 infer-

1132 1985 1221 2013 πυτς
1252 1970 1648 2024 parallelogrammum
1679 1967 1748 2010 esse
1779 1971 1953 2025 trianguli

1132 2029 1289 2083 duplum
1315 2045 1322 2067 :
1363 2043 1406 2068 ea
1438 2028 1644 2083 propositio
1674 2027 1710 2068 in
1742 2029 1951 2070 theorema-

1133 2100 1214 2128 tum
1245 2101 1438 2126 numerum
1471 2086 1677 2127 referenda.

1192 2164 1227 2206 §.
1269 2171 1334 2210 39.
1373 2162 1465 2200 Duo
1496 2172 1621 2200 autem
1653 2157 1735 2199 sunt
1756 2188 1766 2202 ,
1800 2173 1882 2215 quae
1911 2161 1949 2202 iu

1133 2220 1235 2260 omni
1246 2219 1477 2259 theoremate
1494 2219 1736 2259 attentionem
1747 2232 1949 2267 merentur,

1136 2280 1324 2334 Propositio
1359 2291 1494 2331 nempe
1531 2289 1646 2332 atque
1670 2279 1948 2329 Demonstratio.

1131 2338 1201 2378 Ista
1225 2336 1378 2391 quidem
1405 2337 1646 2383 enunciatur³
1677 2336 1772 2390 quid
1803 2337 1854 2376 rei
1877 2337 1950 2377 cui-

1131 2396 1218 2436 dam
1261 2391 1327 2435 sub
1354 2395 1461 2434 certis
1493 2394 1770 2435 conditionibus
1813 2409 1949 2435 conve-

1131 2455 1207 2495 nire
1232 2452 1338 2510 posiit
1357 2482 1369 2501 2
1399 2453 1492 2509 quid
1516 2468 1591 2495 non
1613 2471 1620 2492 ε
1650 2455 1686 2495 in
1718 2453 1787 2494 hac
1820 2465 1945 2494 autem

1782 2524 1941 2553 rationes
