2101 2869
279 150 1042 209 ³cap.V.DE1=1GURARUM
1085 154 1674 200 DESCRIPTIONE:
1786 176 1859 217 ¹55

164 255 211 292 &
236 249 328 291 fiant
360 249 489 304 anguli
520 254 562 294 ι’,
593 264 650 294 x,
677 264 741 295 m,
778 263 797 288 r
826 263 942 307 auga-

158 310 212 352 3lis
242 310 558 354 declinationum,
578 308 762 347 testarum
786 309 856 357 ab3
875 328 939 358 as,

166 373 244 418 ad,
263 386 314 410 ae
337 367 498 423 aequales
529 364 597 412 (5.
625 365 728 418 155)
747 378 863 422 atque
892 385 940 410 ex

165 430 298 470 harum
327 426 563 482 longitudine
594 440 660 480 per
692 424 825 466 scalam
858 444 940 469 mo-

166 488 291 528 dicam
324 487 597 528 determinetur
622 485 823 539 longitudo
843 486 937 542 ipsa-

167 560 251 587 rum
276 547 365 594 AB,
390 546 489 588 AC,
521 545 623 587 AD,
647 545 934 599 AE‚(§.279=)‚

106 605 211 648 Dico
245 605 405 660 figuram
436 605 473 646 A
492 607 523 644 B
544 607 579 647 C
599 605 638 646 D
653 603 686 645 E
732 601 804 644 effe
830 606 936 648 alteri

167 667 312 707 abcde
345 664 512 704 fimilem.

217 727 511 765 DfiMoNs
546 735 719 763 TRAT
752 736 828 767 10·

169 796 214 835 In
254 807 390 848 campo
425 807 515 834 acus
545 794 757 848 magnetica
794 791 936 849 semper

103 853 234 895 cidem
265 853 370 893 lineae
395 850 596 907 respondet
628 853 666 892 in
695 854 810 907 plano
838 854 936 894 hori-

109 913 250 953 zontali
286 911 506 966 imaginario
549 912 705 959 mundi,
736 912 843 967 quod
870 914 936 954 im-

110 971 254 1012 mobile
281 972 355 1020 est,
383 969 448 1011 etfi
465 970 612 1011 ffiverfis
636 971 673 1010 in
693 972 835 1025 pyxide
860 970 938 1012 suc-

110 1030 242 1072 ceffive
277 1031 479 1070 immineat.
541 1031 693 1070 Lineam
719 1031 824 1071 istam
848 1031 937 1073 deli-

110 1102 202 1145 gnet
232 1091 270 1130 in
297 1089 426 1130 charta
452 1091 553 1130 resta
579 1090 664 1130 LM
690 1093 728 1131 &
757 1091 937 1145 punctum

110 1150 148 1190 A
170 1160 337 1189 centrum
353 1162 465 1196 acm,
486 1163 534 1189 ex
560 1162 639 1203 quo
661 1147 862 1204 descriptus
886 1151 937 1191 est

111 1208 285 1249 circulus.
332 1207 478 1263 Qodsi
503 1209 579 1260 jam
610 1209 707 1249 linea
732 1210 937 1250 meridiana

111 1267 262 1321 pyxidis
280 1267 503 1316 admovetur
522 1268 626 1308 lateri
648 1268 735 1315 AB,
755 1268 824 1309 erit
841 1270 938 1324 prin-

112 1326 252 1380 cipium
269 1327 534 1367 numerationis
561 1327 598 1366 in
616 1344 647 1382 g
667 1330 706 1368 ὃς
735 1341 823 1368 acus
844 1328 939 1369 indi-

112 1386 215 1425 cabit
230 1386 268 1425 in
281 1387 321 1440 f
326 1387 575 1440 quantitatem
598 1387 725 1441 anguli
742 1392 769 1427 i.
804 1388 848 1427 In
871 1385 938 1428 ins-

112 1455 303 1485 trumento
321 1443 630 1499 transportatorio
648 1445 793 1486 initium
811 1461 940 1487 nume-

113 1502 218 1543 randi
245 1502 288 1543 fit
314 1503 351 1543 in
361 1504 415 1557 f,
447 1508 486 1545 δε
518 1504 543 1544 fi
566 1518 672 1545 arcus
682 1506 751 1561 fg
776 1505 939 1547 declina-

113 1562 207 1603 tioni
233 1562 271 1602 in
298 1576 434 1617 campo
457 1562 661 1604 observatae
677 1564 826 1619 aequalis
847 1565 940 1606 affu-

112 1622 252 1668 mitur‚
279 1622 437 1676 angulus
462 1628 478 1662 i
508 1622 609 1663 idem
632 1624 723 1666 erit,
746 1625 811 1678 qui
834 1637 938 1673 ante,

111 1678 276 1735 situsque
316 1681 422 1721 lineae
453 1682 525 1722 AB
553 1683 621 1723 rite
657 1683 938 1725 determinatur.

113 1738 234 1780 Arcus
262 1740 360 1780 enim
376 1741 440 1795 fg
464 1741 619 1795 perinde
647 1743 799 1783 metitur
826 1743 941 1784 decli-

113 1800 309 1840 nationem
329 1798 437 1854 ipfius
466 1800 531 1841 AB
560 1812 583 1840 a
608 1801 706 1842 linea
724 1802 940 1850 meridiana,

111 1871 231 1912 quam
264 1859 444 1899 monstrat
471 1872 559 1900 acus
575 1889 587 1908 ,
619 1860 694 1902 five
719 1863 942 1903 numerandi

113 1918 338 1973 principium
362 1918 398 1957 in
406 1919 445 1972 f
451 1948 462 1966 ,
480 1917 554 1959 five
579 1920 616 1960 in
639 1937 667 1975 g
685 1919 763 1961 fiat.
795 1921 943 1962 Eodem

114 1976 235 2017 modo
260 1977 398 2032 liquet,
417 1991 525 2018 arcus
543 1979 626 2032 fh,
648 1979 730 2033 fk,
747 1980 811 2034 fl
825 1980 945 2021 deter-

116 2035 258 2077 minare
279 2035 386 2076 fitum
411 2039 593 2078 restarum
618 2039 716 2086 AC,
736 2040 823 2079 AD
839 2068 851 2086 2
870 2039 947 2092 ΑΕ

118 2092 284 2148 respectu
321 2095 426 2136 lineae
447 2097 532 2138 LM
552 2126 562 2144 ‚
587 2095 859 2152 consequenter
884 2113 949 2140 an-

87 2199 95 2207 Ι
117 2153 198 2208 guli
220 2170 269 2201 x,
293 2171 357 2202 m,
378 2173 397 2196 r
416 2156 452 2196 in
470 2155 818 2212 figuraABCDE
839 2170 949 2200 erunt

117 2212 281 2267 aequales
301 2215 462 2255 totidem
488 2217 780 2272 cognominibus
801 2218 839 2258 in
859 2219 950 2261 alte-

116 2285 161 2312 >ra
182 2274 341 2314 abcde.
403 2274 470 2315 His
495 2273 684 2331 suppositis
714 2276 857 2332 reliqua
888 2278 952 2319 de-

122 2333 376 2374 monstrantur
401 2346 442 2375 ut
470 2332 576 2390 supra
606 2337 643 2378 in
669 2336 953 2380 demonstratio-

117 2403 171 2431 ]ne
201 2389 373 2434 secunda.

467 2453 606 2497 Aliter.

127 2509 277 2568 Qodfi
306 2512 416 2568 pyxis
443 2526 530 2556 cum
548 2528 619 2558 acu
650 2516 863 2574 magnetica
876 2515 959 2559 dio-

1093 251 1184 305 ptris
1214 265 1291 291 non
1312 249 1628 302 fueritinstrucsia²
1655 254 1714 295 sed
1740 258 1858 312 lignea

1095 309 1223 363 regula
1242 312 1303 366 fg
1332 314 1382 352 ita
1415 312 1549 361 affixa,
1575 325 1615 353 ut
1640 314 1734 355 linea
1754 320 1856 359 meri·
1890 322 1976 358 Τὼ.

1093 370 1204 410 diana
1222 368 1387 422 ejusdem
1401 374 1475 420 bd,
1495 372 1670 413 tranfiens
1690 389 1756 429 per
1774 392 1854 418 cen-
1898 374 1956 429 xl.

1093 443 1191 469 trum
1217 431 1365 484 pyxidis
1387 449 1406 472 c
1432 431 1474 471 fit
1501 432 1622 472 eidem
1649 435 1850 486 parallela:
1888 424 1957 467 Eg·

1041 501 1073 530 Ι.
1107 489 1251 542 Regula
1266 491 1318 545 fg
1337 490 1500 531 adlatus
1529 490 1657 545 figurae
1689 491 1762 533 AB
1791 510 1852 549 ap·
1890 482 1970 513 174·

1093 549 1251 603 plicetur
1273 579 1284 596 ,
1306 563 1385 604 quo
1412 549 1511 590 facto
1534 550 1610 591 ΑΒ
1636 552 1705 591 erit
1724 552 1787 606 ipsi
1803 555 1857 596 bd

1091 607 1281 662 parallela.

1035 676 1073 710 2.
1109 668 1279 716 Notetur
1300 668 1459 722 gradus,
1480 682 1593 722 quem
1614 668 1752 709 indicat
1769 682 1856 711 acus

1092 727 1308 781 magneticcc
1321 745 1370 768 ae
1397 730 1495 767 circa
1514 740 1683 768 centrum
1697 745 1715 768 c
1740 728 1855 771 libere

1091 786 1242 826 mobilis
1274 785 1390 841 cuspis
1411 801 1452 826 a:
1475 786 1562 826 dico
1587 785 1659 827 esse
1678 788 1857 841 angulum

1091 846 1172 887 bca
1208 844 1273 900 ipfi
1306 846 1418 886 BAL
1460 845 1642 899 aequalem
1663 876 1674 894 ,
1712 845 1738 886 fi
1765 848 1856 889 ML

1090 905 1250 946 dncatur
1267 907 1350 946 acui
1369 905 1586 960 magneticae
1603 922 1626 945 a
1637 922 1654 946 e
1672 907 1710 947 in
1737 906 1755 946 Ι
1767 919 1856 960 pro-

1089 964 1208 1005 dustae
1237 964 1426 1020 parallela.

1036 1036 1073 1075 3.
1093 1025 1242 1065 Eodem
1267 1025 1386 1066 modo
1421 1023 1447 1064 fi
1473 1024 1604 1078 regula
1624 1053 1637 1072 ,
1656 1024 1716 1064 cui
1747 1024 1856 1079 pyxis

1090 1081 1200 1125 affixa
1219 1113 1231 1132 ,
1258 1085 1467 1139 applicetur
1494 1083 1684 1138 diagonali
1713 1084 1788 1125 AE
1817 1088 1855 1124 δε

1091 1145 1192 1184 reeta
1221 1159 1276 1185 ae
1307 1143 1475 1198 designet
1506 1142 1618 1183 situm
1645 1156 1734 1183 acus
1754 1172 1766 1190 ,
1799 1144 1858 1183 bd

1088 1214 1219 1243 autem
1247 1202 1310 1258 ipsi
1331 1204 1408 1245 ΑΕ
1430 1202 1607 1258 parallela
1623 1202 1761 1243 lineam
1779 1216 1855 1242 me-

1090 1263 1272 1303 ridianam
1297 1263 1445 1318 pyxidis
1464 1278 1474 1305 ‚-
1509 1262 1578 1302 erit
1595 1262 1753 1316 angulus
1771 1262 1856 1302 acb

1091 1321 1155 1377 ipfi
1196 1323 1272 1363 EA
1287 1324 1317 1363 L
1351 1322 1513 1377 aequalis.
1564 1322 1705 1363 Cetera
1742 1320 1855 1375 igitur

1089 1394 1316 1436 peraguntur
1338 1395 1381 1421 ur
1407 1394 1508 1422 ante.

1126 1442 1627 1481 DEMoNsTRAT
1668 1451 1754 1482 10.

1089 1499 1134 1539 Id
1162 1500 1430 1540 tantummodo
1457 1499 1703 1540 demonstrari
1722 1498 1853 1541 debet,

1028 1559 1210 1613 angulum
1235 1560 1314 1600 acb
1340 1557 1411 1599 effe
1444 1558 1508 1613 ipfi
1534 1557 1647 1598 BAL
1674 1561 1713 1598 δε
1748 1557 1786 1598 in
1804 1556 1856 1598 al-

1030 1630 1114 1658 tero
1146 1618 1215 1658 fitu
1243 1617 1395 1673 pyxidis
1428 1617 1493 1672 ipsi
1519 1616 1634 1658 EAL
1659 1616 1854 1671 aequalem.

1031 1677 1226 1732 Qoniam
1267 1692 1315 1717 cx
1352 1675 1575 1717 resolutione
1609 1687 1714 1730 patet
1732 1705 1743 1723 ‚
1792 1677 1816 1717 b
1833 1677 1860 1716 d

1032 1736 1103 1778 esse
1126 1736 1190 1791 ipfi
1208 1736 1283 1777 BA
1316 1736 1532 1791 parallelam
1551 1765 1562 1782 ,
1598 1735 1670 1775 erit
1695 1735 1857 1790 angulus

1032 1795 1140 1837 IHA
1174 1795 1238 1849 ipfi
1263 1798 1344 1836 ecd
1367 1798 1383 1845 (
1398 1799 1434 1841 §.
1454 1799 1566 1847 233⁴)
1585 1823 1598 1841 ,
1629 1791 1857 1849 consequen-

1031 1867 1089 1895 ter
1117 1855 1197 1906 ejus
1216 1855 1485 1896 verticalibca
1510 1853 1662 1908 aequalis
1688 1860 1702 1907 (
1717 1861 1751 1902 §.
1778 1859 1856 1903 156

1034 1913 1161 1956 Geom.
1191 1918 1230 1955 &
1263 1920 1298 1962 §.
1329 1921 1384 1965 87
1407 1914 1617 1966 Arithm.).
1684 1912 1856 1953 Similiter

1034 1987 1120 2014 cum
1161 1971 1203 2012 fit
1237 1973 1321 2013 ML
1354 1972 1417 2028 ipfi
1448 1975 1497 2013 Ia
1528 1972 1705 2028 parallela
1734 2000 1746 2020 ‚
1789 1984 1856 2026 per

1030 2035 1223 2086 construe?
1250 2044 1360 2073 erunt
1393 2033 1524 2073 alterni
1553 2033 1715 2074 IHA&
1748 2029 1855 2070 HAL

1035 2091 1195 2146 aequales
1213 2093 1272 2147 (§.
1296 2101 1375 2142 233
1395 2091 1409 2138 )
1436 2089 1702 2147 consequenter
1730 2087 1854 2129 HAL

1036 2152 1192 2192 :bea
1225 2152 1285 2205 (§.
1306 2159 1374 2202 87.
1391 2152 1588 2202 Arithm.).
1637 2151 1743 2203 Quod
1775 2157 1855 2188 erat

1038 2227 1162 2253 unum.

1119 2269 1295 2311 Similiter
1333 2268 1358 2310 fi
1389 2270 1497 2323 pyxis
1537 2268 1586 2309 ad
1619 2264 1858 2321 diagonalem

1041 2330 1115 2372 ΑΕ
1140 2329 1349 2385 applicatur
1368 2358 1380 2376 ,
1424 2344 1510 2370 cum
1534 2328 1575 2368 fit
1606 2329 1667 2369 bd
1689 2324 1751 2380 ipsi
1787 2321 1861 2363 EA

1042 2389 1220 2445 parallela
1244 2389 1509 2443 viso'lutionis5
1527 2388 1594 2428 erit
1609 2381 1866 2428 NKAzecd

1030 2453 1058 2505 ‘(
1081 2453 1116 2495 ἓ.
1149 2458 1229 2500 233
1255 2452 1283 2500 ).
1365 2449 1494 2504 Qare
1540 2461 1624 2487 cum
1669 2455 1780 2498 porro
1823 2437 1865 2478 fit

1047 2505 1609 2562 bca=ecd(§.156);erit
1629 2500 1867 2613 ΝΚΑΞὲσέ

1429 2568 1466 2608 V
1498 2574 1520 2608 2
1859 2585 1872 2598 .
