2101 2869
406 159 568 218 capul.
629 158 717 200 DE
765 155 1137 215 -NUMERIS
1194 154 1599 198 INTEGRIS.
1812 174 1867 218 37

300 259 658 298 PROBLEMA
720 254 826 295 XII.

226 348 316 387 117.
355 333 560 377 Numerum
601 337 727 376 datum
753 347 821 389 per
857 335 970 374 alium

161 403 331 438 minorem
357 396 536 435 dividere.

358 453 389 492 R
407 463 427 491 Ε
451 465 467 491 s
489 466 513 492 o
531 463 555 491 L
575 463 601 492 u
627 465 652 490 T
673 463 685 491 1
707 464 743 490 0.

223 511 328 565 Cafics
373 511 401 550 I.
463 510 502 551 Si
538 507 678 550 divisor
724 508 830 548 unica
861 508 971 550 suerit

217 581 308 610 nota
323 598 334 615 ,

165 640 198 671 Ι.
245 627 436 668 Sci-ibatur
472 628 501 667 is
540 625 606 666 sub
654 638 746 667 nota
779 625 971 667 dividendi
1010 664 1011 667 ,

217 684 410 732 finistima,
448 697 512 725 aut
532 714 544 732 ,
577 683 601 723 fi
638 698 682 724 ea
710 685 833 725 minor
862 684 971 724 suerit

218 743 283 784 sub
303 744 473 798 proxime
497 741 691 797 sequente,
709 757 753 783 ac
775 757 850 798 ope
870 743 970 784 Aba-

217 808 252 844 ci
274 803 504 857 Pythagorici
528 802 767 856 investigetur
783 830 794 849 ,
819 801 970 856 quoties

220 862 257 901 in
274 874 365 901 nota
396 861 457 901 vel
485 861 582 900 notis
608 857 855 914 suprascriptis
881 874 971 900 con-

218 921 391 960 tineatur.
454 922 667 966 Numerus,
691 920 757 972 qui
786 919 860 958 hoc
878 918 971 958 indi-

218 990 278 1018 cat
295 1007 306 1025 ,
338 989 498 1031 ponatur
523 977 716 1018 dexteram
740 974 866 1018 versus
886 977 968 1032 post

219 1036 383 1076 lunulam
411 1036 499 1076 loco
520 1036 641 1090 quoti,

163 1105 201 1139 2.
235 1097 384 1150 Qotus
421 1094 578 1135 ducatur
612 1094 651 1134 in
688 1092 891 1135 divisorem
931 1097 969 1135 ὃς

218 1153 441 1209 productum
477 1167 525 1194 ex
561 1164 653 1193 nota
687 1154 750 1194 vel
789 1153 887 1194 notis
915 1151 971 1194 su-

218 1209 423 1267 prascriptis
459 1210 656 1252 dividendi
699 1210 936 1253 subtrahatur
954 1241 968 1261 ,

220 1274 258 1311 &
284 1271 338 1309 his
362 1269 491 1310 deletis
512 1299 523 1317 ,
558 1269 584 1310 fi
617 1270 724 1325 quod
747 1270 858 1312 fuerit
889 1270 972 1312 refi-

218 1330 334 1370 duurn
352 1357 364 1375 ,
390 1326 689 1383 suprascribatur.

165 1400 202 1439 3.
249 1385 399 1429 Divisor
430 1386 479 1427 ad
515 1400 643 1428 notam
687 1385 973 1444 subsequentem

221 1443 347 1487 versus
380 1446 576 1486 dexteram
602 1459 873 1501 promoveatur
891 1477 903 1495 ,
935 1452 974 1489 δε

219 1518 294 1560 ope
326 1505 446 1547 Ahaci
484 1505 717 1561 Pythagorici
753 1507 881 1547 denuo
920 1508 974 1547 in·

220 1563 440 1618 vestigetur,
460 1564 605 1618 quoties
623 1565 651 1604 is
673 1565 709 1604 in
728 1566 826 1605 notis
853 1563 976 1620 supra-

221 1620 358 1676 scriptis
397 1623 642 1663 contineatur.
705 1623 863 1679 Reliqua
892 1639 975 1679 pcr-

221 1692 380 1735 agantur
415 1692 456 1721 ut
481 1693 579 1722 ante.

164 1750 204 1786 4.
235 1738 383 1794 Qodfi
419 1740 495 1779 haec
526 1741 697 1794 operatio
722 1755 790 1796 per
815 1741 976 1796 singulas

223 1797 417 1838 dividendi
451 1810 559 1839 notas
589 1800 852 1848 continuetur,
879 1814 976 1855 quo-

222 1867 280 1896 tus
302 1856 521 1897 Invenietur.
584 1857 676 1912 Qe.
685 1860 725 1913 f

164 1966 200 1999 Ξ.
227 1975 277 2012 gr.
313 1964 360 1999 Sit
389 1965 580 2001 dividendus
605 1969 656 2006 78
676 1973 754 2010 56,
790 1965 909 2002 divisor
944 1979 973 2009 3.

383 2033 386 2036 -
496 2017 662 2051 l‘onantur
693 2028 705 2058 3
737 2015 794 2050 sub
823 2030 842 2058 7
866 2022 900 2053 ὃς
919 2030 974 2065 per

495 2065 654 2102 Abacum
668 2067 918 2113 Pythagoricum*
930 2068 976 2101 in-

170 2128 191 2148 f
232 2127 282 2150 22
494 2114 651 2153 umescit,
687 2127 700 2157 3
727 2116 758 2151 in
782 2129 804 2157 7
829 2117 878 2151 bis
899 2130 975 2151 con.

167 2168 281 2207 2825(ss
303 2151 443 2223 (ἷζῖῧξ
495 2164 601 2200 tineri.
637 2165 827 2201 scribantur
856 2179 935 2214 ergo
954 2181 972 2201 2.

171 2225 278 2254 3333
494 2214 567 2262 post
591 2215 736 2250 lunulam
770 2216 846 2251 loco
879 2218 976 2263 quoti·

499 2269 533 2300 δε
567 2264 690 2300 Enetum
719 2278 757 2300 ex
791 2279 809 2300 2
852 2267 884 2300 in
928 2277 941 2308 3
962 2291 972 2307 ‚

165 2310 233 2347 hoc
248 2310 292 2346 est
304 2318 324 2346 6
336 2338 343 2349 ,
360 2310 562 2349 subtrahatur
582 2327 620 2349 ex
635 2327 655 2355 7
679 2315 798 2350 lineola
820 2314 980 2351 transver-

167 2359 197 2394 sa
229 2360 369 2397 delendis
387 2385 402 2400 ,.
426 2362 549 2399 residua
580 2365 683 2400 unitas
711 2365 972 2413 suprascribatur.

167 2412 404 2446 promoveatur
421 2412 539 2449 divisor
567 2425 581 2456 3
617 2412 674 2449 sub
692 2419 711 2452 8
732 2442 744 2455 ,
763 2429 924 2463 cumque,
940 2417 973 2451 vi

168 2459 273 2497 Abaci
289 2463 492 2509 Pythagorici
507 2487 517 2502 ‚
538 2476 550 2506 3
570 2467 604 2500 in
623 2468 670 2502 18v
695 2464 790 2505 sexies
809 2467 973 2502 continea-

166 2517 247 2563 δαῖς,
274 2509 453 2550 scribantur
474 2520 494 2550 6
508 2512 699 2563 locoquoti
728 2519 764 2553 &
787 2514 911 2554 facturi]
928 2520 976 2554 18‘

1009 442 1019 541 ws-nonz
1013 427 1014 430 „

1054 264 1092 287 ex
1118 262 1130 292 3
1165 250 1197 284 in
1217 257 1238 284 6
1258 263 1297 285 ex
1322 254 1363 287 18
1393 250 1604 287 subducatur:
1630 266 1698 301 quo
1733 257 1766 292 in
1793 259 1865 297 casu

1055 299 1136 337 nihil
1164 299 1366 348 relinquitur.
1434 301 1565 349 Qodfi
1598 304 1711 339 eadem
1742 310 1866 346 ratione

1055 359 1233 399 pergatur,
1281 360 1401 397 quotus
1437 352 1568 386 tandem
1609 353 1734 403 integer
1759 359 1869 404 prodit

1059 404 1152 438 2618
1174 403 1209 435 &
1235 399 1379 435 binarius
1404 413 1422 434 2
1443 411 1611 437 remanet:
1640 403 1689 441 id.
1702 408 1795 452 quod
1820 408 1870 443 in-

1056 450 1143 484 dicio
1160 450 1223 486 est,
1250 462 1422 484 numerum
1448 450 1651 498 propositum
1676 453 1709 488 in
1725 463 1787 491 tres
1799 469 1870 505 par-5

1058 512 1102 535 tes
1131 499 1268 545 :equales
1297 500 1408 534 exaste
1432 500 1532 535 dividi
1555 515 1624 536 non
1644 502 1746 550 posse.

1193 589 1739 633 DEMONSTRA'TIO.

1113 687 1170 726 Ex
1197 682 1272 738 ipsa
1299 684 1518 737 operatione
1556 685 1702 740 liquet,
1742 702 1869 731 nume-

1037 744 1138 782 ‘rum
1171 744 1367 782 inventum
1393 743 1556 784 indicare
1577 773 1589 792 ,
1636 748 1784 800 quoties
1811 749 1874 789 rdi-

1012 796 1018 814 ⁸
1055 799 1155 841 visor
1180 801 1218 860 in
1249 800 1486 849 millenariis,
1522 805 1742 846 centenariis
1762 836 1772 850 ,
1806 807 1873 848 de-

1055 859 1210 900 cadibus
1234 888 1247 907 ,
1293 860 1495 900 unitatibus
1530 862 1757 913 dividendi,
1796 866 1872 908 hoc

1054 919 1106 959 est
1124 947 1136 965 ,
1163 919 1200 958 in
1233 916 1381 972 singulis
1405 919 1482 969 ejus
1507 922 1675 974 partibus
1694 923 1871 976 (9250),

1054 977 1230 1031 adeoque
1254 977 1290 1016 in
1317 989 1401 1017 toto
1421 976 1628 1020 dividendo
1647 983 1661 1030 (
1675 988 1714 1028 §-
1727 987 1770 1034 9)
1783 997 1872 1031 con-

1054 1037 1236 1078 tineatur,
1262 1034 1532 1090 consequenter
1558 1040 1736 1081 unitatem
1761 1039 1873 1083 toties

1055 1095 1222 1135 continet
1239 1123 1251 1141 ,
1285 1095 1431 1148 quoties
1477 1095 1700 1139 dividendus
1736 1098 1872 1141 diviso·

1057 1168 1147 1194 rem.
1193 1153 1252 1193 Est
1288 1153 1400 1208 igitur
1428 1167 1568 1208 quotus
1599 1157 1729 1210 (569
1747 1163 1782 1210 >-
1823 1158 1877 1213 Q,

1055 1231 1086 1254 e.
1107 1215 1142 1253 d.

1115 1271 1163 1311 Ca
1179 1287 1224 1312 us
1254 1272 1276 1312 I
1282 1271 1313 1311 I.
1346 1271 1384 1312 Si
1405 1270 1543 1313 divisor
1564 1287 1611 1314 ex
1625 1321 1628 1324 ‚
1642 1277 1742 1327 notis
1761 1277 1872 1334 pluri⁴>

1059 1331 1128 1371 bus
1168 1330 1311 1370 constet
1329 1358 1340 1377 ,

1066 1402 1098 1432 1.
1130 1388 1312 1430 Sinistima
1326 1388 1403 1440 ejus
1417 1401 1508 1429 nota
1527 1388 1712 1434 scribatur
1723 1393 1790 1436 sub
1804 1411 1872 1437 no-

1116 1459 1155 1488 ta
1166 1446 1334 1487 finistima
1352 1447 1545 1490 dividendi
1561 1453 1599 1492 &
1610 1452 1760 1508 reliquae
1779 1455 1872 1496 dex-

1116 1505 1272 1546 teriores
1311 1504 1380 1546 sub
1412 1508 1585 1561 proxime
1620 1508 1864 1566 sequentibus

1118 1562 1241 1605 versus
1277 1564 1484 1607 dexteram.

1063 1633 1100 1667 2.
1133 1626 1219 1678 Ope
1236 1625 1343 1664 abaci
1360 1626 1594 1681 Pythagorici
1610 1629 1876 1685 investigetur,¹

1120 1682 1267 1736 quoties
1292 1684 1410 1736 prima
1436 1683 1606 1726 divisoris
1631 1700 1722 1729 nota
1743 1691 1780 1730 in
1803 1693 1879 1745 pri-4

1125 1755 1185 1781 ma
1210 1741 1404 1782 dividendi
1435 1745 1684 1788 contineatur.
1841 1794 1845 1803 ¹

1063 1811 1104 1850 3.
1137 1802 1328 1840 Numerus
1352 1801 1525 1843 inventus
1540 1804 1700 1846 ducatur
1723 1807 1759 1849 in
1780 1804 1878 1849 divi-l

1121 1856 1241 1898 sorem
1256 1859 1441 1914 integrum
1454 1865 1492 1902 ὃ(
1511 1861 1732 1917 dispiciatur,
1747 1879 1877 1908 utrum

1122 1917 1259 1957 sactum
1286 1932 1331 1958 ex
1352 1920 1512 1960 numeris
1531 1920 1775 1980 suprascriptis
1790 1924 1879 1973 sub-r

1122 1976 1217 2015 trahi
1245 1976 1376 2030 possit,
1407 1993 1475 2019 nec
1505 1993 1590 2021 nes
1697 1987 1700 1990 ⁴
1734 1988 1737 1991 ’

1063 2045 1102 2081 4,
1135 2036 1173 2075 Si
1195 2033 1398 2076 subtractio
1418 2037 1497 2078 fieri
1527 2052 1662 2093 queat,
1690 2039 1877 2083 scribatur

1120 2093 1149 2132 is
1177 2093 1266 2134 loco
1292 2096 1400 2148 quoti
1422 2098 1505 2151 post
1534 2099 1701 2140 lunulam
1729 2104 1767 2141 &
1790 2100 1877 2141 sub-e

1120 2152 1253 2209 tra-&io
1277 2155 1359 2193 atstu
1376 2160 1588 2210 peragatur.
1623 2159 1781 2200 Numeri
1790 2188 1807 2201 2.
1822 2173 1874 2200 ex:

1121 2211 1257 2265 quibus
1286 2210 1484 2254 subtractio
1505 2214 1546 2255 fit
1564 2245 1577 2264 ,
1608 2217 1744 2257 lineola
1760 2215 1875 2259 trans·

1065 2279 1070 2282 '
1119 2268 1223 2310 versa
1239 2270 1434 2312 deleamur
1454 2302 1465 2320 ,
1494 2277 1539 2314 ὃς
1559 2276 1627 2329 qui
1646 2276 1777 2317 refidui
1793 2277 1877 2318 fue-

1119 2329 1190 2368 rint
1208 2358 1220 2376 ,
1253 2327 1575 2385 suprascribantur,
1638 2335 1782 2391 Qodfi
1812 2350 1876 2376 ve-

1067 2409 1070 2411 *
1120 2400 1163 2428 ro
1195 2385 1397 2429 subtraetio·
1428 2404 1504 2431 non
1540 2389 1740 2440 succedat,
1780 2394 1873 2434 loco

1120 2447 1228 2500 quoti
1254 2446 1416 2489 sumatur
1436 2463 1611 2492 numerus
1643 2454 1780 2491 unitate
1808 2451 1873 2492 vel¹

1120 2506 1265 2563 aliquot
1284 2507 1484 2549 unitatibus
1503 2511 1642 2554 minor,
1658 2510 1778 2553 donec
1794 2509 1876 2549 iac*

1452 2568 1483 2609 E
1530 2579 1557 2619 32
1788 2579 1873 2619 tum,
