2101 2869
391 172 1495 217 BREVISCOMMENTATIO.
1808 189 1838 231 7

111 271 283 318 niscentia
315 269 581 326 consequimur.
646 272 726 317 Ita,
748 284 780 311 e.
808 285 863 325 gr.
890 271 928 311 in

113 333 329 376 definitione
345 330 470 372 circuli
480 328 642 383 superius
661 333 676 378 <
693 333 728 374 §.
745 340 812 380 27.
828 330 931 380 )tra-

114 394 191 435 dita
207 406 270 447 per
284 390 546 444 experientiam
564 388 831 430 claret,lineam
850 403 929 428 rec-

115 464 189 492 tam
230 451 325 489 circa
355 450 532 503 punctum
562 447 681 487 fixum
723 448 759 487 in
791 461 928 501 gyrum

114 510 172 563 agi
206 506 318 562 posse.
382 507 448 545 Ast
476 507 512 546 in
545 505 762 545 definitione
782 505 928 559 Eclipfis

115 567 267 608 Lunaris
292 566 456 612 natione,
481 565 706 620 experientia
722 564 806 604 licet
824 564 930 618 stipa-

113 639 176 667 ta,
211 623 457 679 assequimur,
490 627 634 665 Lunam
664 623 822 663 Telluris
850 636 929 662 um-

115 685 220 724 bram
248 683 390 738 ingredi
421 681 535 736 posse.

125 763 135 774 2
179 747 214 788 §.
233 755 299 793 30.
311 741 559 783 Definitiones
573 753 651 781 tam
662 740 777 781 reales
788 770 800 788 ,
813 754 928 795 quam

115 801 323 843 nominales
355 814 439 840 cum
471 801 508 840 in
528 799 561 841 se
581 798 825 842 considerari,
846 812 928 840 tum

113 862 206 902 inter
237 858 272 901 se
319 857 482 901 conferri
511 857 669 914 possunt.
733 858 927 918 Quicquid

113 934 160 961 ex
178 918 473 959 consideratione
504 932 660 965 eorum,
694 931 778 972 quae
804 919 841 957 in
854 931 928 965 una

113 978 333 1031 definitione
364 978 601 1018 continentur
610 1006 622 1024 ,
635 976 849 1017 immediate
862 976 928 1017 de-

113 1037 260 1077 ducitur
273 1067 283 1079 ,
307 1038 469 1077 Axioma
489 1048 648 1077 vocatur
667 1065 678 1083 ,
711 1034 736 1075 fi
767 1036 859 1090 quid
875 1036 927 1075 rei

114 1097 340 1142 convenire,
373 1107 437 1135 aut
468 1110 544 1136 non
584 1095 785 1136 convenire
812 1109 926 1135 enun-

114 1155 216 1197 ciet3
244 1156 468 1207 Postulatum
500 1168 619 1201 vero,
653 1153 677 1193 si
709 1154 801 1208 quid
832 1153 935 1194 effici-

113 1210 215 1268 poffe
258 1211 414 1253 affirmet
449 1214 509 1254 vel
541 1224 663 1268 neget.
698 1216 740 1254 E.
780 1227 836 1268 gr.
868 1216 925 1253 Ex

114 1270 236 1327 genesi
268 1272 393 1312 circuli
424 1272 565 1327 liquet³
586 1286 716 1312 omnes
742 1274 859 1312 rectas
879 1286 924 1312 ex

116 1342 247 1371 centro
273 1330 322 1370 ad
354 1331 598 1385 peripheriam
615 1331 744 1371 ductas
769 1332 863 1371 inter
892 1329 927 1371 se

115 1389 273 1443 aequales
303 1388 397 1437 esse,
431 1404 515 1430 cum
550 1404 661 1431 unam
691 1391 926 1445 eandemque

114 1448 248 1489 lineam
274 1449 311 1488 in
330 1447 477 1489 diverso
509 1448 576 1488 situ
598 1448 773 1489 referant.
836 1453 927 1489 Haec

113 1507 212 1547 adeo
242 1507 447 1562 propositio
467 1509 502 1547 in
523 1509 754 1548 axiomatum
769 1522 926 1549 numero

94 1566 285 1606 habetur.
349 1568 415 1606 Ast
434 1567 525 1607 dum
551 1581 616 1622 per
642 1567 800 1608 eandem
835 1566 927 1607 defi-

112 1625 294 1665 nitionem
313 1625 529 1680 intelligitur
547 1655 558 1674 ,
575 1640 621 1666 ex
636 1626 772 1681 quovis
787 1628 926 1680 punt-”to

113 1685 249 1738 quovis
260 1684 457 1725 intervallo
476 1685 654 1726 circulum
674 1683 829 1725 describi
847 1683 928 1740 pos-

113 1740 169 1783 se:
191 1743 230 1782 id
247 1743 342 1783 inter
368 1741 787 1797 postulata'collocatur.

174 1804 209 1846 §.
236 1813 302 1851 31.
336 1803 527 1858 Qoniam
554 1804 665 1858 igitur
696 1804 928 1845 axiomatum

115 1862 156 1901 ὃ(
179 1860 452 1913 postulatorum
486 1863 620 1903 veritas
654 1878 720 1918 per
754 1864 928 1904 intuitum

114 1918 397 1963 definitionum,
431 1935 478 1961 ex
505 1922 641 1976 quibus
683 1925 801 1963 fluunt
821 1952 833 1970 2
867 1937 930 1963 co-

113 1975 326 2032 gnoscitur,
353 1980 669 2021 demonstratione
700 1982 801 2021 nulla
837 1981 930 2023 indi-

114 2049 217 2090 gent.
282 2039 382 2079 Vera
410 2040 508 2079 enim
536 2037 606 2079 esse
636 2040 895 2096 intelliguntur
914 2069 926 2087 2

115 2108 228 2149 quam
236 2097 396 2151 primum
409 2098 555 2139 realitas
572 2098 832 2140 definitionum
852 2099 927 2140 fue-

116 2154 164 2193 rit
194 2156 321 2198 evicta.
384 2159 431 2197 Et
460 2158 535 2198 hoc
567 2158 704 2199 intuitu
722 2161 928 2215 proposttio-

117 2229 179 2253 nes
209 2228 276 2269 per
295 2216 336 2269 st’
366 2230 451 2257 notae
479 2246 492 2265 ,
542 2217 634 2258 item
669 2234 714 2258 ex
758 2223 926 2259 terminis

117 2275 312 2327 manif'estae
335 2274 520 2317 dicuntur.

175 2335 210 2377 §.
230 2342 296 2382 32.
330 2334 445 2375 Multi
475 2336 545 2376 hac
581 2336 813 2376 axiomatum
842 2351 929 2391 pro-

118 2391 275 2444 prietate
292 2392 519 2443 abutuntur,
539 2395 629 2436 dum
649 2393 842 2450 praemiffas
862 2394 929 2450 syl-

118 2448 359 2504 logismorum
380 2482 393 2501 ,
423 2467 514 2508 quas
542 2456 706 2509 probare
732 2453 896 2495 nesciunt
915 2484 927 2502 ‚

120 2521 190 2562 pro
210 2510 457 2555 axiomatibus
482 2513 690 2557 venditant.

752 2515 851 2555 Hinc
876 2514 931 2555 vi·
948 2542 951 2543 ν

1021 270 1110 310 deas
1142 271 1177 310 in
1208 269 1440 310 axiomatum
1468 284 1663 312 numerum
1709 273 1835 315 referri

1020 328 1290 384 propositiones
1321 358 1331 375 ,
1369 343 1462 382 quas
1496 328 1570 369 sine
1607 331 1834 384 probatione

1020 402 1096 427 non
1128 387 1333 427 adnuttunt
1354 388 1613 442 intelligentes.
1649 389 1836 444 Equidem

1019 446 1234 500 negandum
1257 460 1332 486 non
1360 447 1412 485 est
1431 476 1441 492 ‚
1462 445 1579 501 ipsum
1607 448 1801 488 Euclidem
1823 478 1832 494 ,

1020 507 1085 559 qui
1103 505 1140 544 in
1163 505 1457 545 demonstrando
1476 503 1512 545 se
1524 506 1644 546 virum
1660 507 1833 560 praestitit,

1020 562 1294 618 propositiones
1315 563 1444 617 utique
1464 563 1771 605 demonstrabiles
1798 567 1835 606 in

1020 622 1252 662 axiomatum
1272 635 1466 662 numerum
1485 622 1641 663 retulisse
1660 653 1671 671 ,
1686 636 1837 679 propte-

1021 694 1081 721 rea
1101 681 1208 735 quod
1223 680 1470 735 aequalirads,
1493 683 1747 736 congruentiae
1766 712 1778 730 ,
1798 684 1837 722 li-

1021 754 1099 780 nea:
1125 742 1231 780 reecae
1247 739 1480 794 aliarumque
1505 755 1625 781 rerum
1664 742 1838 782 notiones

1021 799 1209 853 explicare
1232 812 1309 838 non
1335 811 1511 853 poterat:
1535 800 1749 840 monuimus
1781 812 1837 841 ta-

1022 871 1107 898 men
1117 858 1192 910 jam
1203 858 1239 898 in
1248 855 1499 912 superioribus
1509 863 1524 908 (
1534 862 1569 904 §.
1587 871 1600 902 1
1617 871 1651 902 Ι.
1663 860 1680 911 >
1690 888 1702 907 ,
1721 857 1838 914 ipsum

1021 931 1098 957 non
1122 915 1344 971 supposuisse
1353 916 1415 957 nisi
1428 917 1698 971 propositiones
1714 947 1726 965 ,
1747 932 1838 973 qua-

1020 990 1102 1016 rum
1122 976 1310 1016 certitudo
1337 976 1458 1016 statim
1477 977 1613 1031 cuique
1635 989 1739 1032 patet
1769 991 1838 1031 per

1020 1035 1323 1075 recordationem
1354 1036 1417 1076 vel
1448 1037 1611 1076 maxime
1644 1034 1836 1077 confusam

1019 1109 1151 1135 eorum
1175 1123 1186 1141 ,
1211 1107 1295 1148 quae
1330 1095 1419 1135 olim
1453 1093 1579 1149 saepius
1610 1096 1752 1150 experti
1783 1093 1837 1136 su-

1019 1168 1101 1193 mus
1120 1166 1183 1193 aut
1204 1153 1430 1201 etiamnum,
1450 1153 1475 1193 si
1496 1156 1547 1194 ita
1565 1153 1682 1194 visum
1705 1154 1836 1203 fuerit,

1018 1213 1146 1253 denuo
1167 1212 1360 1267 extemplo
1376 1214 1534 1267 experiri
1544 1211 1732 1268 possumus
1742 1243 1753 1262 >
1767 1215 1834 1255 im—

1019 1286 1083 1312 mo
1120 1271 1256 1325 quibus
1284 1272 1320 1311 in
1345 1272 1551 1323 judicando
1583 1285 1728 1313 tantum
1757 1288 1837 1314 non

1019 1331 1191 1385 quotidie
1213 1343 1368 1370 utuntur
1389 1346 1521 1372 omnes
1539 1361 1551 1379 2
1582 1332 1693 1386 quale
1720 1347 1754 1373 e.
1776 1347 1834 1387 gr.

1019 1391 1069 1429 est
1091 1419 1103 1437 ,
1138 1390 1241 1443 quod
1276 1389 1399 1430 eidem
1436 1392 1550 1430 tertio
1581 1391 1737 1446 aequalia
1767 1391 1837 1432 sint

1020 1449 1288 1503 aequaliainter
1308 1447 1369 1492 se;
1398 1449 1487 1489 item
1515 1450 1623 1504 quod
1651 1450 1779 1505 figurae
1796 1453 1837 1491 δε

1020 1508 1124 1548 lineae
1141 1509 1247 1547 reftae
1259 1507 1325 1547 sibi
1344 1521 1477 1548 mutuo
1499 1521 1749 1564 congruentes
1768 1509 1836 1550 fint

1021 1566 1194 1621 aequales.
1258 1567 1431 1607 Euclidis
1473 1569 1586 1623 igitur
1619 1569 1836 1623 exemplum

1020 1624 1189 1672 abusum,
1204 1639 1317 1679 quem
1332 1639 1517 1675 taxamus,
1532 1628 1682 1682 minime
1694 1639 1833 1670 tuetur.

1082 1689 1116 1730 §.
1145 1696 1211 1734 33.
1236 1685 1462 1726 Notandum
1481 1687 1655 1726 nimirum
1673 1716 1685 1734 ,
1706 1701 1754 1727 eo
1769 1687 1835 1727 mi-

1020 1758 1152 1784 norem
1168 1743 1245 1784 sieri
1264 1745 1495 1785 axiomatum
1515 1759 1711 1786 numerum
1722 1774 1735 1794 >
1755 1760 1836 1800 quo

1021 1801 1252 1843 sufficientius
1275 1804 1448 1844 notiones
1479 1805 1723 1845 evolvuntur.
1758 1808 1835 1846 Im-

1022 1876 1086 1902 mo
1104 1861 1129 1901 fi
1148 1875 1280 1902 verum
1307 1861 1411 1902 fateri
1431 1862 1484 1902 fas
1505 1865 1556 1904 est
1576 1893 1587 1910 ,
1613 1878 1702 1905 vera
1733 1865 1836 1904 axio-2
1855 1887 1858 1889 Δ

1022 1933 1123 1962 mata
1141 1935 1219 1961 non
1250 1919 1409 1961 suntnisi
1439 1922 1713 1978 propositiones
1731 1923 1837 1964 iden-

1021 1993 1115 2021 ticae.

1082 2043 1117 2085 §.
1143 2050 1205 2089 34.
1226 2040 1329 2080 Cum
1361 2041 1611 2081 axiomatibus
1640 2045 1678 2082 ὃς
1708 2042 1843 2096 postus

1021 2098 1104 2138 latis
1147 2099 1259 2139 etiam
1289 2100 1536 2154 Experientiae
1564 2113 1858 2154 nonnunquamx

1023 2156 1318 2198 confunduntur.
1382 2159 1562 2214 Experiri
1589 2172 1714 2199 autem
1747 2158 1837 2197 dici-

1022 2231 1104 2256 mur
1118 2245 1130 2263 ,
1152 2216 1333 2271 quicquid
1348 2217 1396 2257 ad
1417 2219 1677 2273 perceptiones
1697 2217 1838 2258 nostras

1022 2277 1152 2316 attenti
1175 2274 1447 2330 cognoscimus,
1469 2292 1501 2319 e.
1523 2277 1696 2331 gr.dum,
1712 2290 1839 2316 accen-

1022 2332 1060 2374 sa
1092 2335 1273 2382 candela,
1324 2334 1522 2390 conspicua
1557 2336 1637 2377 fieri
1667 2336 1839 2376 videmus

1023 2408 1106 2448 quoe
1123 2406 1209 2433 ante
1235 2409 1310 2434 non
1341 2396 1586 2449 apparebant.

1083 2457 1118 2498 §.
1134 2464 1152 2502 3
1166 2464 1199 2503 ς.
1216 2453 1460 2508 Experientiae
1475 2456 1605 2509 itaque
1620 2453 1702 2508 sunt
1718 2465 1839 2491 rerum

1022 2510 1288 2567 singularium,
1323 2509 1509 2570 quoniam·
1522 2512 1663 2554 nonnisi
1693 2524 1749 2550 res
1775 2509 1840 2549 sin--

1647 2601 1650 2604 .
1696 2569 1840 2624 gulares
