2101 2869
277 164 335 203 '10
611 157 696 199 DE
759 154 1125 198 METHODO
1187 152 1758 199 MATHEMATICA

280 254 327 296 tis
363 251 625 309 propositionis
652 254 746 294 datae
773 253 941 293 convinci
978 250 1098 306 poffis.

283 316 332 356 Et
362 314 542 367 quoniam
561 312 795 353 definitiones
814 310 926 365 primi
946 324 1102 365 concep-

281 383 342 412 tus
356 373 513 412 existunt
525 400 536 418 ‚
558 372 744 412 axiomata
755 383 845 409 vero
859 382 904 408 ex
915 369 956 409 iis
974 370 1101 408 imme-

283 430 383 470 diate
396 429 629 470 deducuntur
640 459 650 478 ‚
684 429 916 469 theoremata
929 441 1021 467 vero
1040 427 1099 467 vel

284 488 496 529 immediate
513 517 525 535 ‚
552 488 613 530 vel
633 488 793 527 mediate
824 500 869 525 ex
890 484 1016 525 iisdem
1036 485 1099 525 de-

282 547 449 588 rivantur
474 562 484 589 3
517 560 564 586 ex
583 547 735 587 nomine
767 544 933 586 veritatis
958 542 1098 595 cujussi-

284 606 350 646 bet
363 635 375 652 ‚
405 605 454 645 ad
475 618 587 658 quam
608 606 643 644 in
674 603 988 643 demonstratione
1007 616 1094 656 pro-

283 675 462 710 vocatur,
481 664 600 703 statim
616 660 812 703 addiscitur
827 690 839 708 2
862 673 984 701 utrum
1004 660 1094 700 mul-

282 734 323 762 ta
357 720 598 776 supponenda
628 721 695 761 lint
716 750 725 763 ,
751 733 906 767 necne,
947 723 986 760 ὃς
1016 732 1094 773 quo

283 780 416 822 ordine
441 779 483 819 fir
497 779 777 834 procedendum
796 807 808 825 ,
844 789 884 817 ut
907 777 1094 817 convidtio

283 840 410 880 locum
426 838 577 879 habeat.
602 840 724 878 Immo
741 851 826 877 cum
837 836 886 876 ad
901 837 1095 877 veritatem

280 897 542 938 definitionum
560 925 572 944 ,
590 898 821 937 axiomatum
840 898 878 935 &
895 895 1096 950 postulato·

283 971 366 997 rum
377 985 388 1003 ‚
408 956 679 996 theorematum
697 958 735 995 &
749 953 1024 1008 problematum
1041 953 1095 993 di-

279 1014 524 1067 judicandam
544 1014 791 1069 peculiaribus
808 1010 966 1052 artificiis
998 1025 1092 1066 opus

279 1072 322 1115 fit
339 1089 351 1116 -ς
376 1074 528 1114 nomina
550 1073 747 1113 veritatum
773 1072 967 1111 citatarum
987 1069 1091 1110 fimul

282 1132 484 1174 methodos
503 1133 539 1172 in
558 1131 774 1171 memoriam
794 1142 993 1176 revocant,
1012 1130 1094 1184 qui-

284 1191 354 1231 bus
381 1191 561 1246 principia
580 1188 856 1231 demonstrandi
877 1185 1092 1243 persuadeas

284 1250 557 1291 convincendo.

342 1313 376 1355 §.
408 1320 475 1360 45.
507 1311 600 1350 Non
625 1307 695 1349 alia
724 1320 817 1348 vero
845 1306 897 1346 est
923 1303 1017 1347 ratio
1046 1319 1093 1346 ex

281 1368 467 1422 principiis
481 1366 733 1409 conclusiones
753 1364 956 1412 inserendi,
981 1378 1094 1418 quam

279 1440 366 1480 quae
382 1426 418 1466 in
439 1425 752 1467 omnibuslibellis
764 1424 914 1478 Logicis
927 1452 939 1470 ,
963 1423 1027 1463 ubi
1045 1422 1095 1463 de

280 1483 493 1539 syllogismo
527 1486 649 1539 agitur
673 1513 683 1527 .
733 1482 878 1523 dudum
910 1481 1090 1536 exposita.

282 1545 377 1585 Sunt
394 1545 491 1583 enim
509 1542 840 1583 demonstrationes
855 1541 1092 1580 Mathemati-

280 1614 415 1642 corum
435 1603 625 1656 congeries
639 1600 811 1656 quaedam
838 1599 1093 1653 enthymema-

279 1672 363 1701 tum
383 1689 396 1707 ,
435 1661 485 1700 ita
512 1673 551 1701 ut
582 1660 707 1701 omnia
736 1660 771 1699 vi
793 1656 1089 1714 syllogifinorum

282 1719 554 1759 concludantur
571 1748 583 1767 ,
622 1717 753 1758 omiffis
783 1715 911 1758 saltem
935 1714 1090 1771 praemis-

282 1776 326 1818 fis
352 1806 364 1825 ³
397 1791 479 1832 quae
497 1777 556 1819 vel
577 1775 706 1832 sponte
732 1775 925 1816 meditanti
959 1789 1090 1815 occur-

259 1828 368 1877 ⁶runt
385 1864 398 1883 ,
428 1836 488 1876 vel
518 1850 582 1890 per
600 1835 791 1876 citationes
806 1835 843 1874 in
874 1833 1091 1874 memoriam

284 1907 519 1935 revocantur.
554 1893 719 1934 Perfesta
738 1905 862 1933 autem
899 1904 939 1932 ut
955 1892 996 1932 sit
1026 1892 1090 1933 de-

281 1954 503 1993 monstratio
530 1981 542 1999 ‚
582 1950 762 2007 praemissae
800 1949 1090 2008 syllogismorum

285 2012 392 2052 novis
404 2009 616 2066 syllogismis
630 2010 773 2052 tamdiu
783 2009 985 2065 probandae
992 2008 1091 2057 sunt,

285 2070 409 2111 donec
431 2071 668 2123 perveniatur
690 2069 737 2109 ad
756 2066 1003 2124 syllogismum
1019 2097 1031 2115 ,
1054 2069 1092 2108 in

285 2143 366 2187 quo
380 2126 559 2183 praemiffae
569 2127 648 2168 sunt
658 2127 717 2167 vel
732 2127 965 2169 definitiones
975 2156 986 2174 ‚
1001 2140 1093 2182 quas

283 2192 360 2241 jam
377 2187 519 2228 constat
545 2187 616 2229 este
634 2184 842 2241 poffibiles‚
868 2187 928 2227 vel
953 2200 1094 2242 propo-

281 2248 430 2290 sitiones
448 2245 525 2285 aliae
544 2245 722 2287 identicae.

344 2309 379 2350 §.
397 2311 464 2351 46.
503 2304 687 2358 Equidem
712 2304 964 2346 demonstratu
992 2305 1093 2345 haud

284 2363 432 2407 difficile
449 2362 550 2404 foret
562 2392 573 2410 ,
589 2364 605 2418 (
621 2379 644 2403 a
655 2367 673 2413 )
699 2365 899 2419 genumam
924 2361 1093 2404 demons-

280 2425 484 2465 trationem
501 2451 514 2470 ‚
544 2436 627 2478 (χιι-τ
659 2424 931 2465 convictionem
972 2422 1095 2478 plena-

320 2558 337 2596 ,ζ
349 2558 384 2597 a)
401 2556 627 2592 ostendimusid
637 2557 669 2590 in
682 2559 774 2597 Logica
800 2559 827 2589 §·
845 2564 907 2593 55¹.
924 2558 962 2590 ὅ(
980 2555 1060 2597 seqq,
1122 2590 1123 2593 ,

1166 254 1254 293 riam
1273 253 1411 309 pariat,
1434 251 1512 292 fieri
1528 266 1603 292 non
1616 250 1735 306 posse,
1757 252 1820 293 nisi
1834 252 1975 310 cogita-

1164 312 1282 352 tiones
1299 312 1430 352 nostrae
1449 311 1554 361 juxta
1571 311 1718 365 regulas
1738 309 1976 366 syllogisticas

1163 371 1369 424 dirigantur
1397 384 1408 412 3
1437 369 1493 409 his
1512 381 1636 409 tamen
1688 370 1910 425 ambagibus
1936 373 1974 412 in

1164 427 1329 483 praesenti
1353 441 1446 482 opus
1472 441 1546 467 non
1574 428 1636 468 est.
1670 429 1771 469 Cum
1802 430 1900 469 enim
1925 430 1974 470 de

1163 488 1361 541 quaestione
1378 485 1462 526 flicsti
1473 483 1700 539 disputemus
1711 502 1721 530 ς
1734 488 1904 543 exempla
1922 488 1973 528 al-

1162 543 1294 600 legasse
1314 542 1456 585 sufficit.
1533 545 1679 584 Scilicet
1705 559 1782 585 non
1802 547 1973 600 ignotum

1161 605 1235 651 est,
1263 604 1433 644 Clavium
1451 602 1805 644 demonstrationem
1835 618 1973 659 propo-

1161 661 1296 702 litionis
1324 662 1638 716 primaeElementi
1666 662 1774 716 primi
1799 663 1972 704 Euclidis

1159 721 1196 760 in
1215 718 1445 775 syllogismos
1465 718 1648 761 resolvifl'e
1665 740 1676 760 .·
1699 721 1814 760 immo
1844 721 1971 762 Herli-

1159 795 1244 819 num
1276 791 1390 833 atque
1417 780 1645 834 Dastpodium
1664 776 1725 818 sex
1743 780 1867 833 priora
1888 779 1974 820 Ele-

1160 849 1285 878 menta
1298 838 1469 878 Euclidis
1489 840 1528 877 0&
1538 837 1775 890 flensshium
1788 837 1973 892 integram

1160 896 1442 937 Arithmeticam
1470 910 1535 950 per
1551 893 1781 950 syllogismos
1798 896 1835 936 in
1850 896 1973 937 forma

1159 954 1345 995 exhibitos
1364 951 1637 994 demonstrasse.

1217 1016 1251 1059 §.
1265 1023 1334 1065 47.
1351 1012 1535 1067 Equidem
1544 1026 1620 1052 non
1637 1012 1794 1067 ignoro,
1815 1010 1885 1053 effe
1901 1013 1972 1053 hac

1159 1072 1281 1112 nostra
1300 1069 1494 1126 praesertim
1512 1083 1619 1111 aetate
1638 1085 1713 1110 non
1725 1084 1885 1124 paucos,
1906 1072 1971 1126 qui

1159 1130 1226 1170 fibi
1242 1128 1463 1185 persuadent
1477 1158 1489 1177 ,
1520 1129 1876 1171 demonstrationum
1897 1144 1971 1171 τηεμ

1159 1189 1441 1229 thematicarum
1459 1188 1619 1229 formam
1646 1185 1669 1227 a
1703 1187 1846 1242 legibus
1865 1186 1970 1243 syllo-

1161 1245 1361 1302 gismorum
1376 1247 1600 1294 abhorrere,
1619 1245 1737 1286 multo
1757 1247 1875 1287 minus
1886 1261 1971 1287 con-

1162 1306 1296 1347 cedere
1311 1334 1323 1352 ,
1362 1306 1441 1346 illas
1470 1306 1545 1345 vim
1566 1319 1716 1345 omnem
1738 1305 1787 1345 ad
1820 1306 1971 1346 convin-

1162 1365 1323 1405 cendum
1342 1364 1391 1405 ab
1416 1365 1469 1404 his
1488 1365 1594 1404 unice
1615 1363 1755 1404 habere
1778 1379 1787 1405 ς
1817 1362 1879 1404 sed
1901 1378 1970 1406 nec

1162 1438 1222 1464 me
1239 1418 1354 1470 latet,v
1383 1424 1609 1463 contrarium
1631 1422 1748 1462 videri
1769 1423 1866 1462 Viris
1893 1437 1970 1464 non

1161 1481 1280 1522 modo
1304 1482 1474 1536 praeclara
1489 1481 1615 1533 judicii
1641 1480 1679 1519 vi
1708 1480 1938 1534 pollentibus
1957 1511 1970 1529 ,

1158 1539 1220 1581 sed
1241 1544 1279 1581 δε
1303 1541 1509 1580 attentione
1535 1540 1651 1594 magis
1677 1536 1800 1580 severa
1838 1541 1970 1581 utenti-

1160 1600 1254 1642 bus;
1277 1613 1439 1653 quorum
1456 1599 1633 1639 autoritas
1660 1612 1720 1638 me
1751 1599 1937 1653 permovit
1955 1628 1968 1646 ‚

1158 1670 1198 1698 ut
1215 1672 1298 1698 eam
1311 1658 1348 1698 in
1371 1672 1447 1697 rem
1456 1657 1613 1711 penitius
1628 1656 1854 1710 inquirerem
1873 1660 1910 1698 &
1922 1656 1970 1698 fic

1157 1717 1407 1771 praejudicium
1441 1730 1491 1756 ex
1517 1715 1779 1770 praecipitantIa
1805 1716 1841 1754 in
1874 1715 1970 1767 judi-

1158 1775 1281 1815 cando
1313 1787 1437 1815 ortum
1472 1772 1752 1829 cognoscerem.
1818 1774 1970 1814 Fatetur

1158 1833 1257 1875 certe
1272 1832 1486 1874 Leibnitius
1500 1863 1511 1880 ,
1530 1837 1548 1881 (
1557 1833 1603 1886 b)
1623 1833 1679 1872 vir
1697 1832 1733 1871 in
1755 1832 1912 1873 Mathefi
1931 1835 1970 1874 δε

1158 1892 1260 1933 omni
1275 1890 1483 1933 eruditione
1514 1892 1654 1945 reliqua
1684 1887 1846 1930 summus
1864 1920 1877 1939 ,
1893 1895 1970 1946 fir-

1158 1968 1253 1991 mam
1279 1951 1341 2004 eff}
1360 1952 1692 2002 demonstrationem
1722 1978 1733 1991 ‚
1772 1966 1844 2004 quae
1865 1950 1971 2006 praefi

1158 2015 1311 2065 crsptam
1343 2009 1367 2049 ἃ
1386 2008 1527 2064 Logica
1545 2010 1709 2062 formam
1727 2007 1873 2060 firvat.
1915 2009 1971 2050 Si-

1159 2069 1292 2109 militer
1300 2068 1490 2119 Johannes
1502 2068 1690 2120 lsVallzfius
1700 2097 1710 2109 ,
1732 2068 1776 2106 M
1778 2066 1971 2108 athemati-

1159 2141 1222 2168 cus
1241 2126 1467 2181 profundus,
1490 2127 1533 2178 (c
1544 2129 1562 2175 )
1589 2123 1777 2181 agnoscit,
1796 2128 1856 2169 id,
1876 2128 1975 2182 quod

1116 2189 1118 2191 ’
1157 2192 1198 2227 in
1216 2186 1386 2239 Mathefi
1406 2190 1618 2241 proponitur
1631 2186 1880 2241 probandum,
1900 2185 1972 2241 sy‘l-

1158 2245 1294 2301 leg-{fini
1310 2248 1418 2284 unias
1425 2246 1638 2299 pluriumve
1654 2259 1711 2300 ope
1730 2246 1867 2286 deduci.
1900 2246 1971 2285 Im-

1159 2319 1222 2345 mo
1242 2302 1538 2358 ingeniosiffimus
1559 2305 1671 2345 etiam
1700 2304 1895 2358 Hagenius
1911 2305 1971 2357 (d)

1841 2379 1970 2422 obser-

1197 2440 1260 2476 (ὲ)
1276 2440 1339 2467 ima
1356 2439 1465 2469 Erudit,
1493 2442 1530 2470 A.
1560 2441 1639 2474 1684.
1655 2449 1683 2479 p.
1706 2444 1769 2473 541·
1791 2436 1869 2468 conf.
1892 2437 1969 2474 Effais

1162 2482 1193 2509 de
1215 2476 1351 2508 Tlnodfce'e
1366 2486 1394 2516 p.
1407 2483 1451 2513 37.
1468 2485 1514 2513 40.
1535 2485 1639 2513 4¹7³·
1661 2475 1712 2510 (c)
1738 2476 1875 2514 Operum
1907 2479 1969 2506 Ma-

1162 2518 1255 2550 them.
1271 2515 1339 2545 Vol.
1358 2523 1384 2552 3.
1407 2513 1427 2544 f.
1454 2518 1513 2548 180.
1534 2514 1590 2545 hoc
1605 2515 1643 2544 est
1662 2513 1864 2554 Logic.1ib.5.
1879 2524 1904 2545 c.
1919 2522 1967 2549 222r>

1203 2555 1246 2591 (d
1258 2556 1271 2592 >
1283 2556 1352 2584 Ana
1380 2555 1487 2584 Εῒκαῐῧο
1503 2554 1538 2584 A·
1555 2561 1630 2588 ¹7¹¹·
1651 2561 1680 2592 p·
1700 2559 1768 2590 4770
