2101 2869
238 176 266 212 4
434 166 533 206 DE

290 265 325 308 §.
361 271 397 310 3.
432 261 526 302 Sunt
555 274 679 304 autem
717 266 956 320 Definisiones
976 269 1047 322 pri-

234 334 303 361 mae
331 333 452 371 rerum
483 323 654 361 notiones
673 352 685 369 ,
705 337 862 377 quarum
889 341 963 379 ope
994 327 1047 366 in-

234 390 292 419 ter
321 377 355 418 se
384 377 653 434 distinguuntur
680 385 718 422 &
740 384 863 430 unde,
893 398 974 438 quae
999 385 1047 425 de

235 436 316 493 ipfis
331 439 608 492 concipiuntur,
637 441 777 494 reliqua
797 442 1045 483 deducuntur.

293 501 327 542 §.
360 509 397 543 4.
434 499 502 536 Per
531 495 726 539 NJtionem
754 501 961 553 quamlibet
997 502 1049 541 rei

234 554 432 606 cujuslibet
464 556 500 596 in
526 567 651 597 mente
692 557 1048 612 reptaesentationem

234 613 416 668 intelligo.

291 678 324 720 §.
351 684 385 723 5.
407 673 618 713 Notionum
638 673 883 715 differentiam
908 678 1046 730 primus

233 731 400 772 distinete
428 731 579 771 tradidit
599 730 837 786 sagacissimus
863 734 1047 776 Leibniti-

233 807 276 831 us
302 788 387 842 (a):
411 804 493 844 quae
512 792 639 843 quanti
665 790 706 831 lit
733 793 931 846 ponderis,
958 808 1046 849 pau-

233 849 267 890 ci
293 849 467 894 haCtenus
499 862 746 902 agnoverunt.

294 911 328 953 §.
367 914 404 951 6.
422 908 483 946 Est
515 906 649 948 scilicet
670 905 784 949 Mtio
813 914 914 951 clara
926 941 938 959 ,
959 916 1049 966 'qua'

217 966 284 1010 ,ad
312 980 387 1006 rem
413 965 578 1006 oblatam
604 966 946 1021 recognoscentiam
980 969 1047 1010 suf-

234 1024 330 1067 ficit,
351 1039 384 1066 e.
399 1039 453 1079 gr.
474 1024 579 1078 quod
598 1024 715 1080 figura
733 1026 819 1067 data
838 1028 874 1068 ii:-
889 1043 1047 1069 numero

234 1084 504 1138 triangulorum
537 1083 729 1124 habeatur.

293 1148 327 1190 §.
361 1154 401 1192 7.
448 1143 603 1196 Obstura
632 1145 682 1183 est
720 1150 816 1185 notio
832 1174 842 1191 ‚
881 1160 963 1200 qux
1000 1147 1048 1186 ad

235 1215 314 1241 rem
332 1201 499 1241 oblatam
527 1201 863 1256 recognoscendam
884 1220 960 1245 non
980 1204 1049 1246 sulL

234 1259 326 1300 ficit.
388 1259 485 1299 Talis
516 1260 567 1299 est
598 1275 630 1301 e.
665 1276 719 1316 gt.
743 1261 964 1315 plantae‚ad
988 1279 1049 1304 cu-

233 1319 290 1370 jus
322 1317 556 1373 conspectum
587 1319 759 1366 dubitas,
798 1334 919 1362 utrum
946 1337 988 1363 ea
1007 1322 1049 1363 lit

223 1391 303 1417 nec
328 1391 398 1424 ne,
430 1391 544 1431 quarn
573 1378 647 1418 alio
675 1391 844 1432 tempore
875 1381 964 1421 alibi
997 1383 1049 1421 vi-

232 1436 342 1476 deras
374 1439 412 1476 &
443 1437 501 1475 cui
531 1437 604 1477 hoc
629 1437 690 1478 vel
716 1437 805 1477 illud
826 1454 962 1480 nornen
988 1441 1048 1480 tri-

235 1494 301 1534 bui
330 1491 460 1535 suevit.

220 1606 222 1608 q
294 1559 329 1601 §.
354 1561 391 1597 8.
420 1552 535 1594 Clara
553 1560 647 1595 notio
668 1558 841 1609 dg'stincJa
872 1558 1045 1611 habetur,

233 1610 259 1652 fi
293 1624 400 1652 notas
428 1611 609 1655 recensere
638 1616 760 1656 valeas
782 1647 794 1664 ,
832 1631 878 1657 ex
910 1612 1045 1671 quibus

229 1683 312 1712 tem
337 1671 505 1711 oblatam
524 1673 775 1726 recognoscis:
809 1691 843 1716 e.
864 1690 918 1730 gr.
939 1675 1046 1730 quod

231 1728 388 1769 circulus
413 1729 454 1769 fit
484 1729 623 1785 figura,
656 1732 749 1773 linea
787 1748 898 1774 curva
936 1736 973 1774 in
1011 1733 1047 1774 se

231 1787 412 1828 redeunte
460 1790 652 1830 terminata
682 1821 693 1837 ,
757 1793 860 1844 cujus
907 1792 1046 1847 lingula

231 1848 366 1900 punota
407 1847 456 1887 ab
495 1849 630 1889 eodem
661 1853 799 1904 puncto
821 1853 1044 1892 intermedio

230 1906 419 1960 aequaliter
455 1906 600 1948 distant.

288 1967 322 2008 §.
344 1975 383 2013 9.
403 1965 554 2018 Cmfustz
577 1967 628 2006 est
645 1975 741 2009 notio
771 1970 892 2017 clara,
924 1969 949 2008 fi
978 1984 1044 2010 no-

229 2033 310 2069 tas³
354 2037 400 2063 ex
432 2024 571 2078 quibus
603 2039 679 2066 rem
718 2028 886 2069 oblatam
912 2042 1043 2084 recog-

227 2078 371 2129 noscis,
403 2081 588 2124 recensere
615 2086 764 2126 minime
799 2088 1041 2134 valeas-,utut

229 2140 267 2180 in
299 2140 390 2181 tales
429 2140 472 2181 fit
507 2141 739 2185 resolubilis:
783 2146 901 2200 qualis
931 2147 982 2186 est
1005 2161 1039 2187 e.

228 2211 286 2253 gr.
304 2200 411 2240 notio
432 2200 567 2240 coloris
598 2203 711 2243 rubri.

287 2261 322 2303 §s
362 2271 423 2301 10.
456 2260 633 2300 Distindht
657 2269 753 2303 notio
786 2267 971 2318 adaquata
988 2264 1042 2304 di-

229 2317 343 2363 citur,
373 2317 398 2357 fi
421 2321 459 2358 ὃς
483 2331 656 2359 notarum
673 2350 685 2367 ,
714 2335 760 2361 ex
789 2323 924 2376 quibus
942 2336 1040 2362 com—

229 2375 379 2429 ponitur
396 2405 407 2423 ,
443 2377 613 2417 notiones
642 2379 824 2420 distinctas
844 2381 1035 2421 habueris:

229 2448 264 2474 e.
282 2447 337 2487 gr.
362 2435 468 2474 notio
498 2436 623 2476 circuli
646 2438 762 2492 paulo
789 2451 875 2479 ante
904 2440 1037 2481 tradita

230 2490 395 2534 censetur
424 2494 645 2550 adaequata,
688 2497 751 2539 ubi
790 2512 910 2539 curvae
935 2500 973 2540 in
999 2497 1036 2542 sc

261 2584 303 2623 (a)
323 2589 358 2620 In
375 2588 462 2623 Aeris
482 2588 673 2630 Eruditorum
687 2595 743 2629 An.
760 2597 842 2634 1684·
855 2604 885 2635 p.
898 2602 964 2633 537.

1086 1030 1092 1340 l

595 164 1034 212 METHODO
1097 170 1799 218 MATHEMATICA

1134 270 1321 310 redeuntis
1342 300 1351 312 ,
1386 270 1510 325 puncti
1542 271 1751 320 intermedii
1773 301 1785 319 ,
1817 270 1950 312 distan-

1134 329 1192 368 tiae
1221 330 1368 383 aequalis
1410 334 1447 370 δε
1484 330 1749 371 terminationis
1776 331 1947 371 notiones

1134 387 1317 427 distindras
1349 388 1534 428 habueris.

1196 452 1230 492 §.
1265 458 1325 489 11.
1359 448 1401 487 In
1429 447 1498 486 hac
1526 446 1663 501 analyli
1690 461 1773 487 cum
1798 461 1959 501 progrer.

1135 504 1174 543 di
1194 505 1327 546 liceat,
1362 505 1483 545 donec
1507 506 1555 545 ad
1580 507 1751 545 notiones
1781 504 1950 546 irresolu-

1136 563 1228 604 biles
1260 564 1496 618 perveniatur
1512 582 1522 608 ,-
1551 565 1748 604 notionum
1778 564 1949 618 adaequa-

1134 635 1254 661 tarum
1285 620 1364 662 dari
1383 623 1519 676 gradus
1546 622 1776 675 manifestum
1809 623 1881 669 est,
1914 622 1949 661 in

1134 678 1300 734 praesenti
1327 693 1451 721 tamen
1484 695 1560 721 non
1584 681 1836 735 explicandos.
1871 679 1951 721 Suss

1134 738 1210 778 ficit
1232 738 1410 778 monuisse
1424 769 1435 786 ,
1464 740 1568 793 quod
1588 740 1759 779 notiones
1780 739 1949 793 quasdam

1136 795 1294 837 confusae
1324 797 1468 837 admitti
1500 810 1667 852 queant,
1687 811 1844 852 quarum
1863 810 1948 837 evo-

1135 856 1229 896 lutio
1257 856 1305 896 ad
1335 856 1666 896 demonstrationes
1687 870 1762 896 non
1784 856 1949 911 apprime

1135 913 1339 955 necessaria.
1403 918 1458 955 Ita
1491 915 1664 955 Euclides
1694 929 1770 955 non
1798 913 1949 955 resolvit

1136 974 1328 1014 notionem
1355 974 1591 1028 aequalitatis‚
1618 984 1699 1012 utut
1726 972 1857 1013 eadem
1884 987 1948 1012 no-

1135 1033 1255 1072 tiones
1284 1033 1456 1087 trianguli
1479 1033 1704 1086 aequilateti,
1735 1032 1886 1071 rhombi
1911 1033 1950 1071 ὃ(

1136 1090 1336 1145 figurarum
1350 1091 1573 1145 regularium
1592 1091 1828 1144 ingrediatur.
1862 1093 1951 1129 Pro-

1135 1149 1331 1204 politiones
1369 1150 1488 1196 enirn,
1511 1149 1559 1189 ad
1589 1163 1747 1203 quarum
1782 1146 1950 1188 demons-

1135 1209 1333 1249 trationem
1369 1207 1561 1248 necessaria
1595 1220 1673 1248 erat
1701 1237 1712 1254 ,
1751 1207 1856 1248 facile
1884 1205 1948 1260 ipfi

1134 1267 1205 1307 line
1218 1267 1441 1322 probatione
1461 1267 1618 1307 concedi
1638 1277 1835 1320 poterant,
1853 1279 1947 1320 egr.

1135 1326 1252 1382 Qod
1280 1326 1432 1380 aequalkz
1450 1325 1571 1366 eidem
1594 1326 1705 1366 tertio
1737 1324 1804 1364 sint
1827 1337 1962 1378 ‘ecqua--

1135 1386 1182 1424 lia
1193 1387 1287 1425 inter
1306 1383 1340 1424 se
1351 1401 1360 1427 ς
1373 1385 1477 1439 quod
1494 1383 1618 1439 figutae
1630 1383 1697 1424 fibi
1715 1396 1846 1423 mutuo
1859 1397 1947 1422 con-

1135 1456 1306 1498 gruentes
1326 1443 1393 1483 lint
1412 1443 1569 1497 aequales
1590 1460 1597 1481 :
1619 1443 1723 1497 quod
1743 1441 1945 1496 aequalibus

1136 1517 1199 1557 per
1213 1502 1364 1556 aequalia
1380 1502 1627 1555 multiplicatis
1642 1501 1736 1540 facita
1747 1500 1814 1540 lint
1828 1513 1945 1554 ecqua-

1135 1563 1181 1601 lia
1194 1565 1265 1602 &a
1284 1561 1483 1601 Desectam
1508 1559 1640 1599 scilicet
1658 1557 1850 1613 analyseos
1871 1557 1949 1612 sup—

1134 1620 1237 1675 plent
1269 1619 1538 1674 propositiones
1564 1648 1576 1666 ,
1624 1632 1705 1672 quae
1738 1631 1803 1672 per
1837 1630 1948 1671 expe-

1133 1679 1301 1719 rientiam
1328 1677 1408 1718 satis
1433 1689 1541 1718 certae
1582 1674 1673 1716 sunt.

1192 1741 1226 1783 §.
1250 1747 1309 1780 12.
1330 1738 1560 1790 Inaa'aequata
1585 1736 1637 1775 est
1667 1741 1763 1775 notio
1779 1763 1791 1780 ,
1822 1733 1846 1773 fi
1880 1748 1947 1775 no·

1133 1808 1253 1836 tarum
1273 1824 1284 1842 ,
1316 1808 1398 1848 quae
1425 1795 1630 1834 distinctam
1659 1792 1944 1848 ingrediuntur,

1133 1853 1273 1895 nonnisi
1304 1851 1473 1893 confusas
1500 1853 1671 1892 notiones
1697 1851 1882 1892 habueris.

1199 1919 1232 1961 §.
1269 1924 1330 1961 13.
1364 1914 1406 1951 In
1444 1925 1640 1951 numerum
1669 1909 1945 1951 Definitionum

1130 1971 1478 2012 Mathematicarum
1513 1984 1589 2010 non
1613 1969 1857 2009 admittuntur
1881 1967 1944 2007 nili

1131 2032 1302 2070 notiones
1333 2029 1506 2068 distinctae
1526 2058 1535 2070 ,
1572 2032 1631 2074 δε,
1661 2039 1840 2081 quantum
1860 2026 1940 2066 fieri

1130 2090 1251 2144 potest
1283 2099 1348 2128 aut
1379 2101 1448 2140 pro
1485 2098 1634 2127 renata
1658 2084 1810 2128 sufficit,
1852 2085 1944 2125 adae-

1130 2160 1262 2203 quatae.

1191 2202 1229 2252 §.‘
1253 2217 1316 2252 14.
1342 2204 1440 2245 Hinc
1460 2204 1497 2244 in
1515 2203 1805 2245 Definitionibus
1827 2199 1944 2242 subse·-

1130 2265 1329 2320 quentibus
1367 2276 1442 2302 non
1476 2274 1629 2302 utuntur
1656 2260 1814 2301 vocibus
1833 2260 1942 2307 ‚nisi

1129 2324 1188 2363 vel
1208 2337 1257 2364 ex
1273 2321 1596 2363 antecedentibus,
1616 2320 1677 2360 vel
1696 2319 1844 2359 aliunde
1862 2317 1943 2358 satis

1128 2382 1354 2436 intelligatur
1375 2409 1386 2426 2
1430 2393 1513 2433 quse
1536 2393 1592 2418 res
1625 2380 1666 2418 iis
1692 2377 1940 2427 subjiciantur.

1172 2445 1205 2486 §.
1225 2453 1238 2482 Ι
1253 2450 1286 2491 ς.
1306 2443 1352 2480 Et
1368 2467 1380 2485 ,
1402 2436 1426 2476 fi
1444 2439 1598 2491 quando
1617 2437 1771 2477 notione
1791 2434 1941 2476 confusa

1125 2499 1290 2544 contenti
1314 2497 1457 2545 sumus2
1478 2510 1534 2539 res
1547 2526 1558 2546 2
1579 2495 1626 2538 ad
1646 2509 1759 2552 quam
1778 2492 1937 2594 speegat³

1821 2567 1845 2594 O
1876 2565 1937 2594 wa
