2101 2869
409 155 579 214 CapJI.
641 154 738 195 DE
799 151 1183 194 NUMERIS
1244 148 1675 193 INTEGRIS.
1849 166 1899 203 41

173 256 333 299 unitates
352 256 496 297 habet3
529 252 683 293 evidens
706 251 758 291 est
786 280 798 298 ‚
829 251 925 291 istud
957 251 993 291 in

175 317 504 372 multiplicatorem
544 311 631 352 duci
661 322 777 365 atque
811 325 858 351 ex
895 310 994 350 fatsto

175 374 421 418 novenarium
460 373 588 413 denuo
613 370 852 412 exterminari
879 369 995 410 debe-

173 451 215 477 re
246 464 258 482 ,
300 434 448 488 quoties
486 432 600 478 licet,
633 443 674 471 ut
695 430 882 471 habeatur
915 429 995 470 refi-

168 495 287 535 duum
306 493 467 533 numeris
489 490 739 546 aggregandis
752 487 990 545 respondens.

170 554 281 608 Qod
295 566 374 593 crat
396 568 523 593 unum.

228 612 423 668 Qoniam
446 624 540 651 vero
559 607 715 664 perinde
735 609 787 649 est
800 637 811 655 ,
839 607 913 650 five
934 622 992 649 re-

165 670 313 713 fiduum
331 672 368 712 in
397 670 749 725 multiplicatorem,
772 667 848 708 five
869 668 993 709 multi-

167 730 328 787 plicator
350 732 387 772 in
419 730 604 771 residuum
631 728 793 769 ducatur
813 757 826 775 ,
860 742 993 783 quem-

164 790 376 831 admodum
398 790 547 831 inferius
569 788 587 843 (
608 794 642 835 §.
665 797 749 838 207
764 791 797 837 ),
814 786 992 842 indepen-

163 850 298 891 denter
312 850 361 890 ab
380 851 437 891 his
449 880 460 898 ,
472 847 788 890 demonstrabitur
808 876 820 894 ‚
846 861 910 902 per
920 847 991 902 pri-

164 923 269 949 mum
288 922 393 964 patet
413 939 424 957 ,
454 910 566 950 etiam
586 922 634 948 ex
664 906 958 961 multiplicatore
977 936 988 955 ‚

164 967 191 1009 fi
209 969 416 1009 novenario
445 968 565 1019 major
582 966 714 1013 fuerit>
741 967 989 1007 novenarium

163 1028 277 1068 toties
304 1029 540 1068 exterminari
557 1026 724 1073 debere,
760 1026 910 1080 quoties
928 1025 989 1066 fie-

162 1087 194 1126 ri
220 1088 341 1141 potest
358 1116 368 1134 ,
405 1091 445 1128 &
472 1085 657 1128 residuum
674 1085 749 1125 hoc
769 1085 986 1126 ducendum

161 1143 235 1186 effe
264 1146 300 1185 in
330 1145 513 1187 reliduum
539 1160 586 1186 ex
606 1144 914 1199 multiplicando,
947 1157 988 1185 ut

161 1204 348 1245 habeatur
367 1206 550 1248 residuum
561 1205 724 1246 numeris
733 1204 984 1260 aggregandis

159 1261 403 1319 respondens.
470 1267 578 1322 Qod
594 1279 675 1306 erat
693 1267 862 1306 alterum.

335 1326 360 1365 S
394 1338 418 1365 c
462 1338 487 1365 H
524 1338 551 1366 o
587 1337 611 1365 L
652 1337 666 1368 1
705 1339 730 1365 o
763 1336 807 1365 N.

213 1393 295 1425 123.
333 1384 569 1424 Demonstratio
600 1383 753 1428 majorem
789 1385 983 1419 evidentiam

155 1434 345 1475 nanciscitur
358 1458 368 1472 ‚
391 1435 449 1471 ubi
465 1438 506 1470 ad
527 1440 705 1482 exemplum
720 1437 901 1481 applicatur
917 1448 925 1469 ε
949 1437 983 1470 id

156 1486 238 1530 quod
260 1485 356 1519 etiam
376 1487 413 1521 de
426 1498 613 1534 quacunque
636 1486 700 1521 alia
729 1484 980 1530 intelligendum.

233 1536 669 1578 PRossLEMA
734 1538 895 1577 XVI.

222 1605 235 1636 1
247 1602 314 1640 24.
334 1595 568 1637 Examinare
579 1598 807 1652 divistonem.

358 1656 391 1696 R
414 1667 432 1694 ε
454 1668 471 1695 s
492 1668 519 1695 o
542 1668 566 1696 L
589 1668 615 1696 u
639 1670 664 1695 τ
690 1669 703 1699 1
729 1670 767 1696 0.

159 1723 193 1755 Ι.
213 1713 368 1768 Qotus
391 1714 551 1755 ducatur
571 1715 608 1756 in
629 1713 833 1756 divisorem
857 1743 870 1762 ,
912 1725 979 1754 aut

211 1770 351 1813 divisor
383 1774 419 1814 in
439 1787 612 1830 quotum.

154 1839 192 1874 2.
207 1833 320 1872 Fausto
338 1833 499 1875 addatur
515 1864 528 1882 ,
567 1834 592 1875 fi
620 1834 730 1891 quod
753 1847 775 1875 a
797 1832 977 1874 divisione

209 1889 320 1931 fuerit
346 1892 543 1936 rcfiduum.

148 1949 297 2004 Qlodli
339 1951 410 1992 hac
437 1954 582 1995 ratione
608 1954 767 2007 prodeat
807 1952 977 1993 dividen-

146 2008 218 2049 dus
233 2038 246 2056 ,
279 2009 410 2052 divilio
429 2013 597 2069 legitime
611 2016 771 2068 peracta.
786 2017 972 2064 (§.212).

173 2079 228 2114 24
246 2080 261 2112 5
369 2074 404 2107 E.
423 2087 473 2121 gr.
505 2074 538 2107 Si
562 2078 662 2117 7856
679 2074 802 2108 dividas
822 2085 878 2120 per
901 2083 942 2114 32
959 2095 970 2110 2

220 2130 263 2161 3²-
368 2133 490 2169 quotus
516 2124 560 2158 est
582 2136 648 2166 245
675 2148 686 2162 ‚
716 2123 880 2159 refiduum
913 2129 969 2158 16.

147 2187 332 2198 --—
368 2177 447 2209 Duc
466 2187 532 2219 245
556 2177 590 2210 in
623 2187 667 2217 32
699 2179 733 2211 &
755 2174 846 2210 fado
873 2178 971 2215 7840

171 2233 228 2264 49
244 2236 265 2256 0
368 2227 450 2260 adde
476 2232 520 2260 16
543 2241 554 2269 3
589 2225 726 2266 habebis
755 2224 971 2264 dividendum

146 2284 230 2317 735
368 2280 476 2320 7856.
532 2276 673 2312 Constat
711 2272 811 2325 igitur
841 2272 970 2311 divifio‘-

148 2333 335 2366 -‚—·'-—
361 2340 438 2362 nem
471 2328 619 2376 legitime
662 2325 755 2365 fuiffe
790 2324 969 2376 peractam.
1017 2344 1020 2354 τ

146 2380 268 2422 7840

213 2433 262 2463 16

146 2522 273 2563 ⁷856
644 2528 647 2529 ν

153 2582 160 2590 ·
206 2569 331 2624 Wffii
358 2568 465 2626 Oper.
483 2570 682 2616 Mathem.
714 2572 830 2616 Tom.
848 2569 880 2610 Ι.

1329 250 1652 293 ALITER.

1139 327 1242 368 Cum
1261 326 1297 367 vi
1323 326 1501 367 examinis
1528 325 1659 380 prioris
1677 322 1899 365 dividendus

1077 386 1119 426 fit
1137 386 1276 427 factum
1298 401 1345 427 ex
1375 383 1538 426 divisore
1562 384 1600 424 in
1622 394 1802 437 quotum5
1816 397 1899 425 exa-

1078 460 1165 487 men
1185 460 1344 501 quoque
1363 446 1591 491 instituetur,
1617 442 1832 493 abjiciendo
1850 458 1899 484 ex

1075 505 1283 546 dividendo
1311 535 1323 553 ,
1359 505 1567 559 itidemque
1592 517 1640 543 ex
1675 499 1834 542 divisore
1861 506 1900 543 ὃ(

1076 577 1199 620 quoto
1223 565 1495 612 novenarium,
1523 563 1672 618 quoties
1694 561 1826 607 datur,
1847 573 1897 602 atm

1075 638 1151 679 que
1173 623 1358 665 refiduum
1378 625 1414 664 in
1432 621 1592 664 divisore
1611 619 1898 677 multiplicando

1074 697 1143 739 per
1164 683 1352 724 residuum
1374 685 1411 724 in
1433 695 1578 738 quoto,
1596 684 1636 722 ὃς
1654 679 1774 727 facto,
1788 680 1897 735 quod

1073 743 1164 784 inde
1197 745 1356 799 emergit
1377 773 1389 794 ,
1430 741 1610 784 addendo
1641 739 1826 782 residuum
1850 753 1899 781 ex

1073 802 1266 845 divifione.

1124 865 1159 898 E.
1178 862 1228 912 gr'.
1251 866 1288 898 1n
1305 860 1455 910 exemplo
1482 861 1694 897 antecedente
1710 857 1901 894 extermina

1072 922 1107 948 to
1130 915 1163 949 in
1183 915 1365 950 dividendo
1387 917 1486 959 7856
1504 913 1688 948 novenario
1702 935 1712 949 ‚
1744 910 1900 957 relinqui-

1070 973 1123 998 tur
1148 969 1181 1001 8.
1218 966 1308 999 Idem
1328 963 1349 999 si
1365 961 1724 1003 tenteturindivisore3
1738 974 1755 997 ,ν-
1775 965 1901 1008 &quoa

1070 1024 1107 1050 to
1136 1026 1203 1058 245
1217 1033 1228 1056 ‚·
1241 1016 1314 1059 ibi5
1335 1040 1345 1053 ,
1363 1015 1417 1049 hic
1436 1028 1454 1049 2
1472 1013 1635 1049 refiduum
1652 1013 1721 1048 erit.
1768 1010 1898 1055 Quodsi

1069 1066 1203 1101 ulterius
1220 1066 1309 1101 facto
1329 1080 1372 1100 10
1389 1078 1426 1100 ex
1448 1077 1464 1109 5
1487 1066 1519 1099 in
1539 1078 1557 1099 2
1575 1065 1709 1099 addatur
1733 1062 1898 1098 tefidu'um

1069 1129 1105 1151 ex
1124 1115 1282 1152 divisione
1302 1129 1315 1151 1
1327 1123 1348 1151 6
1360 1141 1370 1154 ‚
1393 1121 1427 1152 δε
1442 1129 1480 1151 ex
1495 1124 1674 1165 aggregato
1691 1120 1737 1149 26
1753 1122 1896 1149 tentetur

1067 1180 1161 1202 more
1176 1168 1345 1202 communi
1362 1167 1506 1214 abjedHo
1537 1166 1706 1200 novenarii
1721 1179 1733 1209 3
1761 1162 1897 1201 habebi·

1067 1227 1119 1253 tur
1135 1228 1170 1253 ut
1189 1220 1221 1252 in
1250 1219 1428 1253 dividendo
1456 1216 1616 1252 residuum
1635 1221 1669 1254 8.

1138 1290 1450 1331 ScnorloN
1507 1289 1825 1328 GENERALE.

1119 1381 1132 1403 ι
1144 1379 1160 1400 2
1170 1379 1201 1412 5.
1213 1367 1353 1413 Superest
1369 1376 1406 1400 ut
1423 1366 1590 1400 videamus
1602 1387 1613 1405 ,
1624 1361 1725 1406 juxta
1737 1372 1894 1409 quasnam

1064 1422 1187 1464 regulas
1202 1416 1380 1452 inti—[leffius
1396 1417 1427 1451 in
1444 1415 1594 1451 habimus
1620 1411 1766 1459 expositis
1782 1421 1894 1459 opera-

1063 1468 1208 1504 tionibus
1232 1468 1448 1504 arithmeticis
1478 1467 1651 1511 dirigatur.
1692 1463 1894 1499 Meditaturi

1064 1519 1190 1565 regulas
1211 1519 1345 1566 duplicis
1356 1519 1483 1564 generis
1502 1514 1692 1561 offendemus
1713 1537 1724 1552 ,
1752 1524 1892 1561 quarum

1063 1570 1131 1605 aliae
1145 1571 1405 1616 imaginationem
1421 1592 1431 1606 ‚
1459 1568 1528 1602 alia:
1551 1565 1744 1602 intersertum
1770 1573 1891 1612 purum

1064 1623 1218 1666 dirigunt.
1246 1621 1378 1655 Priores
1403 1622 1435 1654 in
1462 1629 1667 1654 numerorum
1675 1616 1853 1662 scriptione
1877 1637 1888 1652 ,

1062 1674 1218 1707 linearum
1233 1683 1268 1705 ac
1283 1673 1397 1706 lunula:
1405 1669 1500 1704 daila
1516 1693 1524 1705 ,
1549 1677 1699 1704 notarum
1715 1668 1746 1702 in
1759 1664 1889 1707 divisio-

1061 1735 1100 1757 ne
1118 1736 1137 1757 ιτ
1148 1722 1364 1765 [ιώτωὲἶίοηε
1375 1719 1508 1767 perdia
1522 1721 1676 1754 deletione
1696 1718 1767 1753 (Tc.
1788 1716 1890 1750 conti.

1060 1782 1186 1809 nentur.
1204 1773 1336 1817 Scriptis)
1352 1782 1557 1806 numerorum
1571 1771 1685 1805 varias
1703 1768 1887 1815 suppeditat

1059 1823 1205 1869 regulas,
1223 1825 1336 1870 quihus
1349 1824 1440 1857 vires
1460 1821 1697 1867 imaginationis
1714 1819 1886 1854 extendun-

1060 1886 1128 1911 tur.
1167 1875 1336 1909 theros
1362 1874 1445 1908 enim
1469 1873 1601 1920 quosvis
1623 1895 1633 1909 ,
1675 1870 1885 1918 quantumvis

1058 1936 1187 1971 magnos
1211 1926 1251 1960 ὠ
1269 1937 1333 1960 mm
1345 1925 1457 1958 varios
1472 1947 1484 1961 ,
1510 1923 1612 1958 menti
1636 1920 1803 1969 praesentes
1827 1929 1884 1953 exa·

1060 1975 1171 2014 hibet,
1209 1976 1362 2023 quamdiu
1386 1973 1522 2009 libuerit
1539 1997 1550 2014 ,
1593 1975 1650 2018 qui
1674 1971 1757 2007 alias
1784 1971 1883 2018 disba-

1058 2035 1132 2062 rent
1150 2049 1160 2067 ‚
1183 2038 1253 2061 cum
1279 2027 1342 2061 vix
1355 2038 1424 2061 eam
1437 2024 1596 2068 subierint
1613 2037 1623 2060 :
1646 2034 1705 2071 quo
1718 2021 1777 2068 ipsb
1798 2032 1879 2067 cogi-

1057 2079 1198 2112 tationes
1231 2091 1250 2112 a
1269 2075 1533 2112 meditationibus
1562 2075 1668 2110 aliena:
1689 2084 1836 2109 arcentur
1864 2095 1877 2109 2

1057 2129 1225 2174 domestica
1244 2136 1351 2163 nutem
1378 2125 1577 2175 quantolibet
1599 2126 1754 2172 temporis
1780 2127 1877 2157 inter-

1054 2179 1141 2213 vallo
1169 2180 1202 2214 in
1228 2188 1304 2213 nora
1330 2177 1476 2225 qualibet
1502 2188 1705 2213 numerorum
1727 2176 1877 2209 datorum

1053 2227 1250 2277 defiguntur.
1276 2231 1364 2265 Hinc
1388 2228 1558 2272 discimus:

1016 2321 1021 2341 ⁴·
1058 2287 1382 2339 1.'1nte'll'e'6tur'n'uti
1405 2298 1524 2333 debere
1551 2297 1582 2331 in
1599 2292 1789 2330 meditando
1804 2288 1874 2324 sub-

1106 2352 1190 2389 fidiis
1217 2350 1458 2400 imaginationis
1477 2374 1488 2391 ,
1532 2347 1667 2393 objecto
1691 2341 1874 2378 meditatio-

1105 2405 1154 2440 nis
1183 2399 1456 2447 convenientibus
1478 2424 1489 2438 ,
1521 2412 1559 2434 ex
1581 2400 1649 2444 ejus
1676 2396 1757 2430 adeo
1779 2392 1874 2445 indo-

1105 2455 1136 2492 le
1164 2455 1195 2490 in
1213 2456 1292 2491 dato
1315 2450 1468 2501 quolibet
1491 2448 1564 2485 casu
1590 2443 1773 2496 particulari
1793 2442 1874 2474 derr-

1107 2507 1232 2545 vandis.

1496 2568 1519 2600 F
1739 2571 1771 2594 2·
1792 2557 1877 2603 Qae
