2101 2869
245 171 318 226 16
776 168 1566 224 PRAEFATIO.

252 305 357 342 ram
392 301 557 340 autem
638 289 1018 337 MATHESIN
1080 288 1598 339 UNIVERSALEM
1633 286 1682 338 in
1717 286 1946 344 defiderae

251 381 419 419 torum
461 382 669 416 numero
710 359 936 418 colloco,
980 380 1089 413 eam
1124 380 1299 433 nempe
1331 402 1342 418 ,
1402 382 1509 435 quoe
1548 361 1674 437 leges
1716 366 1945 420 metiendi

251 441 489 518 generales
530 445 582 494 &
609 439 670 492 ad
699 439 927 492 omnium
977 459 1135 491 rerum
1165 440 1491 511 quantitatem
1527 439 1944 497 determinandam

251 523 490 573 mensuras
530 516 867 570 convenientes
900 514 1147 586 praescribit
1185 540 1193 567 :
1245 536 1334 570 nec
1365 534 1551 588 repertu
1595 518 1718 570 adeo
1756 519 1945 573 facilem

251 597 455 672 judico„
489 600 732 649 Caeterum
753 613 858 667 qua:
878 588 1191 645 commodius
1225 614 1319 664 ope
1337 592 1502 647 calculi
1544 594 1750 647 litteralis
1771 617 1945 651 eruun-

251 693 329 729 tur
350 715 361 732 ‚
400 693 488 726 nec
521 673 581 725 ad
622 669 900 725 communis
949 670 1240 724 Geometriae
1263 670 1499 724 elementa
1527 671 1832 746 intelligenda
1868 694 1945 728 ne.»

252 751 432 806 ceslaria
460 752 566 802 sunt
593 771 607 815 3
630 769 682 801 ea
713 748 774 802 ad
796 746 1018 820 Analyfin
1039 747 1188 817 rejeci.
1277 753 1491 820 Tyrones
1528 748 1612 801 sub
1633 749 1823 803 initium
1845 773 1943 823 pra⁴

251 849 330 882 xes
371 826 690 881 arithmeticas
728 824 845 877 solas
885 845 1000 877 cum
1035 823 1395 880 definitionibus
1435 825 1517 878 fibi
1553 826 1804 881 familiares
1845 830 1946 883 red—

254 907 362 959 dere
399 903 576 957 debent
598 940 611 960 ,
653 901 1035 956 theorematibus
1083 901 1543 976 problematumque
1576 904 1948 959 demonstratio-

254 984 393 1036 nibus
428 982 626 1035 omiffis.
711 986 763 1032 In
807 978 994 1032 calculo
1030 979 1265 1032 exercitati
1329 979 1627 1035 theoremata
1682 983 1743 1035 ad
1789 983 1945 1037 multa

254 1060 470 1132 exempla
503 1057 747 1111 numerica
784 1056 1018 1127 applicent
1040 1098 1051 1116 ,
1116 1075 1170 1109 ut
1205 1077 1308 1109 non
1345 1059 1503 1110 modo
1544 1079 1718 1111 eorum
1760 1061 1946 1113 sensum

253 1138 374 1192 clare
404 1136 708 1208 perspiciant,
753 1135 829 1187 sed
867 1135 1037 1188 eadem
1074 1154 1274 1209 quoque
1311 1136 1560 1188 memoriae
1602 1136 1801 1190 firmiter
1844 1137 1946 1190 infi-

254 1234 369 1291 gant
389 1256 401 1273 ,
439 1212 542 1288 quo
581 1213 630 1265 in
661 1232 893 1285 promptu
932 1212 1022 1265 fint
1049 1254 1060 1272 ‚
1115 1211 1306 1285 quoties
1337 1212 1388 1264 iis
1422 1212 1494 1266 vel
1524 1213 1583 1265 ad
1619 1213 1945 1269 demonstran-

254 1295 400 1351 dum,
444 1291 516 1346 vel
538 1292 596 1344 acl
621 1290 964 1345 inveniendum
986 1311 1107 1362 opus
1148 1291 1226 1342 est.
1309 1289 1367 1342 Iis
1397 1289 1647 1343 intellectis
1676 1291 1945 1362 problema„

254 1389 362 1424 tum
401 1368 829 1422 demonstrationes
875 1368 1136 1439 expendere
1170 1407 1181 1425 ‚
1234 1388 1291 1420 ac
1329 1367 1401 1419 his
1437 1368 1662 1440 perceptis
1704 1367 1944 1424 inoffenso

253 1449 376 1519 pede
395 1447 455 1500 ad
486 1446 845 1499 theorematum
869 1444 1297 1498 demonstrationes
1336 1445 1560 1519 progredi
1598 1444 1769 1498 licebit.
1851 1445 1945 1498 Ab-

253 1525 308 1577 fit
344 1543 507 1577 autem
530 1563 543 1582 ,
589 1542 644 1576 ut
683 1523 789 1596 quis
816 1522 1066 1575 arbitretur
1086 1562 1097 1580 ‚
1140 1521 1370 1575 omnibus
1405 1520 1682 1576 calcandam
1710 1523 1794 1575 esse
1822 1523 1953 1577 hanc:

256 1600 486 1655 semitam.
570 1605 803 1669 Qorum
841 1601 973 1653 enim
1005 1602 1067 1652 est
1099 1602 1257 1671 major
1286 1600 1460 1652 mentis
1484 1600 1604 1653 acies
1627 1641 1639 1658 ‚
1689 1601 1944 1674 congenita

255 1677 330 1733 vel
365 1678 462 1730 aliis
486 1677 646 1730 studiis
676 1678 900 1751 acquifita
923 1717 934 1735 ‚
973 1681 1026 1730 &
1050 1674 1231 1730 facilius
1264 1675 1576 1731 conservatur
1613 1677 1816 1730 attentio
1848 1700 1861 1745 ,3
1890 1678 1945 1729 il-

254 1756 285 1810 li
307 1756 540 1809 elementa
575 1754 757 1829 integra
799 1775 860 1808 eo
886 1755 1054 1807 ordine
1077 1754 1314 1828 perlegere
1333 1753 1522 1824 possunt
1540 1794 1552 1810 ‚
1595 1774 1697 1826 quo
1718 1755 1945 1825 conscrip-

255 1849 303 1888 ta
326 1834 446 1886 sunt.
527 1833 651 1886 Usus
687 1832 1008 1886 Arithmeticae
1034 1852 1116 1903 per
1154 1831 1413 1902 disciplinas
1452 1830 1655 1904 reliquas
1695 1852 1866 1885 omnes
1893 1833 1936 1884 se

252 1909 498 1964 diffundit.
589 1915 653 1963 Ea
695 1909 839 1983 igitur
892 1909 1081 1982 reliquis
1115 1908 1345 1962 omnibus
1391 1908 1718 1979 praemittenda
1758 1909 1848 1962 fuit
1892 1913 1947 1962 ὃς

253 2006 363 2043 ante
392 2007 467 2039 eas
508 2007 624 2051 qum
651 1986 761 2040 cura
791 1986 1071 2040 addiscenda
1104 1988 1180 2039 est.
1264 1991 1489 2057 Qantus
1536 1985 1857 2039 Arithmeticae
1897 1987 1945 2039 in

253 2066 355 2121 vita
397 2063 520 2118 civili
551 2065 656 2116 usus
690 2064 744 2117 sit
764 2103 777 2122 ,
817 2063 1100 2136 experientia
1136 2063 1351 2135 loquitur
1381 2089 1389 2114 :
1422 2081 1629 2136 quantus
1668 2064 1716 2116 in
1748 2063 1944 2136 Physicis

253 2147 308 2198 ὃ(
336 2141 434 2196 aliis
457 2139 768 2212 Philosophiae
798 2141 1008 2214 partibus
1027 2180 1040 2199 ,
1081 2140 1377 2211 experientur
1395 2159 1648 2215 quotquot
1683 2181 1695 2199 ‚
1739 2141 1945 2195 Mathefi

252 2216 470 2274 absoluta
487 2255 501 2275 ,
533 2218 734 2272 solidam
774 2238 900 2273 extra
921 2239 1030 2272 eam
1053 2217 1328 2270 doctrinam
1361 2237 1566 2290 quaerere
1593 2218 1942 2272 allaborabunt.

254 2293 514 2367 Qantum
537 2295 744 2368 denique
774 2296 819 2348 in
851 2296 1139 2368 perficiendo
1161 2295 1407 2348 intellectu
1434 2297 1573 2367 poflit
1593 2336 1605 2354 ‚
1651 2297 1698 2348 in
1728 2295 1829 2366 ipsa
1847 2315 1946 2367 per-

253 2374 540 2430 tractatione
564 2372 803 2426 hincinde
821 2372 1162 2428 annotavimus
1184 2414 1194 2431 ‚
1219 2376 1294 2431 δε,
1316 2373 1348 2425 si
1376 2374 1481 2446 quis
1513 2374 1750 2426 culturam
1770 2392 1947 2426 conve-

238 2448 471 2507 ‘nientem
504 2451 660 2503 studio
692 2451 1011 2507 Arithmetico
1043 2470 1146 2505 non
1180 2451 1459 2525 negaverit,
1516 2450 1796 2524 experientia
1823 2449 1948 2520 opti„

253 2551 336 2585 ma
374 2528 459 2584 erit
499 2527 739 2604 Magistra..
1813 2530 1947 2582 ELE-
