2101 2869
416 162 445 201 B
476 157 509 199 R
538 158 569 198 E
597 158 634 199 V
667 158 685 198 1
716 155 742 197 S

119 255 336 303 observa-vit
363 286 375 305 ,
407 255 667 311 paralogssnos
698 258 739 294 in
767 254 939 309 Mathest

121 319 237 375 [sepius
278 321 378 358 vitia
394 315 523 368 formae
568 317 731 369 existere.
794 314 937 352 Verum

124 380 318 418 enimvero
327 388 374 414 ne
387 372 648 414 autoritatibus
663 371 780 426 magis
791 401 802 419 ,
820 385 937 426 quam

126 434 356 482 rationibus(
374 449 391 472 e
410 432 427 484 >
449 445 617 485 pugnare
646 431 805 480 videar(
822 444 939 485 quan-

124 506 237 547 quam
257 491 292 530 in
307 491 381 530 hoc
393 501 615 544 argumento
628 489 832 530 maximum
846 503 939 543 pon-

123 551 193 591 dus
222 549 361 589 habeat
380 559 572 588 tantorum
604 549 771 589 virorum
801 548 939 588 autori—

123 619 201 655 tas,
221 605 368 658 >sontes
393 606 592 661 praejudicii
613 606 774 661 vulgaris
794 618 939 661 retege-

124 680 164 707 re
182 666 287 706 libet.
332 665 526 716 Qamdiu
546 663 680 705 scilicet
710 665 746 705 in
781 663 940 705 Mathesi

124 722 311 765 versamur
328 753 340 772 ,
394 722 519 779 figuris
541 726 580 764 δε
599 724 870 764 charaeteribus
904 724 941 763 in

125 782 386 824 ratiocinando
437 783 608 834 juvamur
632 812 644 825 ,
706 796 754 822 ex
780 795 940 836 quarum

124 839 351 897 inspectione
369 855 444 881 non
464 841 585 881 minus
599 870 611 888 ,
640 854 755 896 quam
786 855 832 880 ex
857 840 942 881 alia-

126 914 207 940 rum
222 899 517 954 propositionum
533 900 708 940 citatione
718 900 843 940 multae
852 913 942 954 prae-

127 957 234 999 miffae
269 956 565 1013 syllogismorum
603 956 820 1013 supplentur
846 975 854 998 ε
892 958 941 999 ad

127 1017 234 1071 quod
256 1016 280 1056 si
303 1031 379 1057 non
410 1015 493 1057 satis
527 1017 744 1058 attendatur
773 1046 786 1065 ,
829 1031 942 1072 quam

128 1074 247 1116 sancte
273 1075 309 1114 in
340 1075 718 1116 demonstrationibus
737 1077 943 1117 mathema-

127 1134 207 1174 ticis
232 1133 332 1188 leges
360 1132 656 1189 syllogismorum
688 1135 943 1176 custodiantur

127 1206 204 1234 non
226 1204 392 1246 apparet.

186 1254 220 1296 §.
238 1258 308 1297 48.
347 1252 579 1293 Problemata
603 1251 774 1293 facienda
805 1267 944 1308 propo-

128 1321 222 1350 nunt
247 1312 285 1349 &
304 1310 422 1350 tribus
439 1311 606 1365 partibus
628 1313 797 1352 constant
813 1341 826 1359 ,
856 1313 942 1352 Pro-

120 1370 291 1425 posttione
304 1367 437 1409 scilicet
447 1399 460 1416 2
481 1370 706 1423 Resolutione
719 1385 764 1411 ac
778 1372 948 1426 Demens

128 1431 297 1467 tratione.
334 1428 375 1467 In
413 1428 669 1483 propositione
692 1458 704 1476 ,
743 1429 836 1483 quid
865 1429 943 1470 fieri

127 1485 266 1526 debeat
283 1514 296 1533 >
326 1486 518 1528 indicatur.
553 1488 595 1528 In
619 1486 844 1530 resolutione
878 1488 944 1530 fin-

128 1543 207 1600 guli
226 1545 328 1584 actus
350 1545 481 1586 ordine
496 1546 641 1587 decenti
666 1546 901 1588 recensentur
926 1577 939 1596 ,

127 1601 266 1657 quibus
285 1601 438 1644 efficitur
452 1633 466 1652 ,
493 1606 599 1659 quod
615 1618 695 1646 erat
713 1605 940 1648 faciendum.

128 1662 307 1716 Denique
331 1663 368 1702 in
386 1663 705 1706 demonstratione
732 1666 941 1714 evincitur,

127 1719 230 1760 factis
256 1720 297 1760 iis
319 1749 333 1768 ,
364 1734 445 1775 quae
473 1721 649 1764 resolutio
668 1725 861 1779 praecipit,
892 1725 944 1765 ef-

128 1777 265 1819 fectum
282 1780 465 1821 intentum
484 1782 656 1823 obtineri.
695 1784 858 1838 Qoties
875 1785 941 1824 ita-

129 1849 205 1892 que
244 1837 441 1892 problema
485 1839 816 1883 demonstrandum
848 1873 868 1891 ‚A
905 1845 941 1884 in

130 1895 321 1937 theorema
342 1899 572 1940 convertitur
592 1930 605 1948 ,
633 1902 737 1953 cujus
755 1902 942 1957 hypothe-

127 1952 181 1994 sin
213 1952 388 1996 resolutio
415 1985 430 2004 ,
473 1957 588 1998 thesin
612 1974 704 2001 vero
733 1961 941 2016 propofitio

128 2013 329 2056 constituit.
361 2016 553 2057 Generalis
565 2018 663 2059 enirn
672 2021 840 2061 omnium
859 2035 942 2075 pro-

130 2070 335 2114 blematum
354 2074 762 2132 demonstrandorum(
794 2092 837 2120 ut
864 2082 940 2131 jam

130 2128 349 2186 innuimus)
383 2145 492 2176 tenor
513 2135 574 2176 hic
603 2139 655 2178 est
677 2155 686 2177 :
714 2139 831 2179 Paetis
854 2140 895 2180 iis
926 2169 939 2189 ,

129 2200 215 2242 quae
245 2188 418 2234 resolutio
447 2195 635 2250 praecipit,
672 2196 763 2238 illud
784 2211 942 2253 quoque

130 2244 288 2289 efficitur
302 2278 316 2297 ,
348 2252 455 2305 quod
468 2265 546 2294 erat
569 2254 796 2298 faciendum.
835 2259 940 2312 Qa-

130 2316 174 2346 re
196 2319 274 2346 non
292 2321 386 2362 opus
413 2311 464 2352 est
476 2341 492 2360 ,
518 2324 560 2354 ut
576 2314 629 2357 de
641 2315 940 2372 problematibus

130 2362 238 2418 plura
255 2365 437 2410 dicantur.

131 2471 137 2477 ,
189 2426 225 2468 §-
243 2435 313 2474 49.
327 2428 502 2471 Rationes
520 2429 675 2476 subinde
690 2447 768 2477 non
784 2433 941 2487 desunt,

165 2552 202 2591 (0
211 2548 302 2596 >vide
310 2568 357 2597 eas
382 2560 414 2597 in
424 2562 519 2602 Logica
532 2567 562 2601 ἓ.
577 2572 641 2605 551·
653 2567 686 2601 &
708 2567 788 2608 seqq»

832 154 1562 198 COMMENTATIO.
1767 171 1814 203 Η

995 265 1060 293 cur
1080 251 1129 291 ad
1156 249 1258 292 casus
1285 248 1459 305 speciales
1485 251 1719 307 applicentur
1731 267 1818 307 pro.

996 310 1193 367 positiones
1213 309 1403 365 generales
1424 339 1436 358 ,
1471 313 1511 352 &
1527 324 1573 351 ex
1592 311 1818 365 quibusdam

997 369 1269 424 propositiones
1309 366 1401 422 sirpe
1432 369 1521 410 alias
1553 382 1673 424 prona
1698 368 1820 411 conse-

998 429 1152 483 quentia
1175 428 1363 468 deducere
1386 428 1487 468 licet.
1536 430 1632 484 Qae
1656 441 1820 482 utroque

1000 487 1119 527 modo
1150 498 1329 528 eruuntur
1357 486 1631 542 propositiones
1666 488 1822 538 Corollaff

1000 551 1060 586 ria
1080 557 1353 600 nuncupantur.

1060 608 1095 649 §.
1124 616 1187 656 50.
1214 603 1378 644 Primum
1399 604 1683 645 corollariorum
1705 618 1823 659 genus

1000 662 1319 703 demonstratione
1358 677 1436 704 non
1475 663 1630 718 indiget.
1702 664 1823 720 Qod

1001 722 1099 761 enim
1131 723 1169 761 in
1201 735 1340 776 genere
1370 721 1419 762 de
1448 722 1625 763 omnibus
1673 723 1710 763 in
1744 723 1823 763 uni-

1000 777 1145 820 versum
1165 780 1305 820 casibus
1327 779 1623 822 demonstratum
1643 779 1712 822 fuit
1728 811 1740 824 ‚
1771 782 1822 823 dc

1000 838 1074 879 hoc
1091 839 1157 880 vel
1172 840 1240 879 isto
1252 838 1289 878 in
1311 837 1428 893 specie
1452 851 1493 879 ut
1510 840 1637 881 denuo
1651 837 1822 881 demons-

1001 909 1119 938 tretur
1137 911 1232 953 opus
1258 911 1335 938 non
1354 899 1416 938 est.
1438 901 1480 939 E.
1509 913 1566 953 gr.
1600 899 1665 940 ubi
1678 898 1727 940 de
1742 913 1822 941 om-

1001 956 1111 997 nibus
1135 956 1329 1011 triangulis
1361 955 1544 998 ostensum
1562 987 1573 1005 ‚
1606 970 1679 999 tres
1706 972 1823 1013 angu-

1003 1015 1061 1055 los
1092 1029 1224 1056 eorum
1249 1028 1321 1055 una
1346 1013 1486 1057 sumtos
1521 1016 1673 1057 duobus
1715 1018 1824 1058 rearis

1001 1075 1169 1129 aequar13
1201 1073 1306 1114 idem
1334 1074 1372 1114 in
1403 1073 1522 1130 specie
1551 1076 1600 1116 de
1631 1077 1824 1131 triangulis

1002 1132 1224 1187 redtangulis
1245 1132 1456 1174 confirmari
1474 1134 1576 1175 haud
1594 1134 1723 1176 debet.
1756 1135 1824 1177 Ast

1001 1192 1160 1233 alterum
1189 1192 1474 1233 corollariorum
1503 1207 1620 1248 genus
1653 1194 1824 1236 demons-

1002 1252 1203 1291 trationem
1226 1251 1392 1305 requirit.
1434 1253 1748 1309 Quotiescunque
1771 1255 1824 1294 ni-

1003 1310 1136 1350 mirum
1156 1324 1204 1350 ex
1234 1310 1313 1350 aliis
1330 1312 1651 1365 propositionibus
1681 1312 1824 1368 aliquid

1002 1368 1157 1409 infertur
1174 1397 1186 1416 ,
1215 1369 1311 1409 ratio
1327 1369 1502 1410 illationis
1519 1371 1732 1412 indicanda.
1778 1374 1822 1413 E.

1004 1442 1059 1483 gr.
1076 1428 1115 1468 Si
1129 1427 1380 1475 theoremati,
1413 1429 1516 1480 cujus
1532 1430 1651 1471 modo
1665 1431 1825 1472 mentio-

1003 1501 1089 1527 nem
1119 1485 1192 1527 feci
1215 1515 1228 1535 ,
1253 1486 1328 1527 hoc
1356 1487 1596 1529 corollarium
1625 1487 1828 1545 subjunga-

1003 1557 1091 1588 tur3
1126 1550 1167 1586 in
1198 1549 1382 1601 triangulo
1413 1550 1621 1603 reHangulo
1638 1565 1733 1589 unus
1748 1549 1824 1603 fil-

1004 1618 1075 1645 tem
1094 1608 1180 1645 ac'i‘u
1200 1608 1320 1645 restas
1341 1604 1402 1658 eff}
1413 1609 1528 1661 potest
1542 1626 1553 1646 .·
1573 1608 1670 1647 ratio
1690 1607 1825 1648 illatio-

1004 1663 1058 1703 nis
1072 1677 1150 1703 non
1170 1663 1396 1718 negligenda
1410 1693 1421 1706 ,
1447 1664 1554 1718 quod
1572 1663 1735 1714 scilicet,
1756 1681 1825 1721 po-

1003 1721 1075 1763 fitis
1103 1721 1256 1763 duobus
1280 1724 1483 1764 adrumetis
1500 1752 1514 1773 ,
1546 1725 1674 1766 tertius
1705 1726 1825 1770 nihilo

1003 1781 1151 1837 aequalis
1170 1780 1280 1822 foret.

1062 1844 1097 1886 §.
1124 1851 1187 1892 51.
1212 1842 1256 1882 In
1261 1840 1434 1899 ,Scholiis
1453 1841 1617 1898 denique
1635 1855 1714 1885 tarn
1730 1843 1823 1887 defi-

1002 1900 1208 1941 nitionibus
1226 1929 1237 1948 ‚
1272 1914 1388 1954 quam
1412 1901 1730 1955 propositionibus
1762 1917 1824 1954 ea3

1002 1972 1161 2013 rumque
1196 1958 1402 1999 corollariis
1456 1957 1629 2015 subjungi
1664 1961 1778 2004 solitis
1805 1980 1825 2011 ,-

1001 2015 1157 2059 obscura
1183 2017 1419 2059 declarantur
1436 2047 1449 2066 ,
1468 2019 1518 2060 ad
1534 2020 1653 2061 dubia
1675 2020 1822 2077 respon-

1001 2077 1132 2120 detur,
1161 2074 1244 2117 usus
1264 2077 1517 2119 doetrinarum
1530 2079 1716 2121 indicatur
1727 2111 1737 2128 ,
1753 2079 1822 2121 his?-

1002 2137 1100 2178 toria
1118 2150 1162 2177 ac
1182 2135 1304 2178 fontes
1328 2137 1589 2179 inventionum
1608 2138 1821 2181 describun-

1001 2208 1063 2237 tur
1076 2226 1088 2244 ‚
1110 2198 1169 2243 δε,
1184 2194 1209 2235 si
1228 2210 1302 2251 qua
1315 2196 1386 2237 alia
1403 2193 1492 2237 scitu
1509 2211 1580 2238 nec
1596 2199 1821 2249 injucunda,

1003 2269 1072 2297 nec
1093 2254 1235 2296 inutilia
1256 2267 1458 2296 occurrunt
1476 2285 1487 2298 ‚
1521 2254 1740 2299 inseruntur.

1064 2317 1098 2360 §.
1126 2322 1191 2365 52.
1213 2315 1447 2369 Explicatam
1479 2315 1655 2357 hadienus
1672 2317 1820 2358 metho-

1002 2372 1095 2414 dum
1109 2374 1174 2428 qui
1187 2375 1310 2428 probe
1326 2375 1617 2430 perpendit‚ejus
1638 2373 1819 2417 universa-

1004 2432 1146 2474 litatem
1158 2432 1259 2474 haud
1276 2434 1393 2475 dubie
1407 2432 1585 2489 agnoscet
1602 2449 1670 2475 nec
1689 2432 1819 2474 diffite-

1005 2491 1132 2543 bitur,
1160 2490 1234 2537 fine
1252 2506 1295 2538 ca
1311 2494 1361 2540 ad
1378 2491 1534 2536 solidam
1551 2507 1675 2536 rerum
1694 2492 1818 2545 cogni-

1421 2554 1452 2595 Β
1484 2561 1511 2597 ,2>
1678 2550 1827 2600 tionem
