2101 2869
293 151 374 185 100

529 240 899 287 SCHOLION.

358 307 412 338 30.
429 295 603 333 Nimirum
623 301 656 334 in
673 302 867 347 longitudine
896 305 1018 341 nullum
1040 303 1120 349 affle-

307 348 350 382 mi
362 344 460 393 potest
480 347 630 393 punctum
643 373 653 389 ,
670 352 720 384 cni
733 364 792 386 non
814 354 995 400 respondeat
1010 355 1122 403 aliqua

307 397 389 432 linea
399 395 564 441 stcundum
577 398 778 436 latitudinem
794 426 804 439 ‚
832 404 875 438 (φ
899 416 1022 442 contra.

430 448 833 493 DEFINITIO
874 457 979 496 XII.

374 515 440 554 31.
482 507 553 546 Per
600 508 842 550 Perimetrum
888 514 1124 568 intelligimus

312 564 529 605 continuum
553 593 566 612 2
593 579 670 619 quo
705 568 807 609 aliud
825 573 1043 614 continuum
1055 586 1126 615 ter-

314 634 485 663 minatur.

468 684 785 724 DEFINITIO
849 691 977 730 XIII.

374 749 439 789 32.
458 737 595 795 Figura
612 742 663 782 est
681 745 898 787 continuum
920 749 1126 804 perimetro

314 811 563 840 termmatum.

511 860 914 906 SCHOLION.

370 927 383 958 3
395 928 425 962 3.
447 917 584 952 Dicitur
607 930 675 954 tam
711 922 747 955 de
761 921 986 970 fitperficiebus
1001 950 1011 965 ,
1031 937 1126 974 quam

315 966 483 1009 defhlidis.
537 969 577 1002 In
599 971 705 1015 priori
729 971 797 1014 cafit
821 976 1072 1022 perimetrisunt
1087 979 1126 1015 li-

314 1028 374 1052 neae
389 1029 398 1056 i
425 1018 459 1052 in
477 1015 847 1066 posteriorisuperficies.

471 1068 804 1114 DEFINITIO
860 1076 976 1118 XIV.

378 1136 445 1176 34.
459 1123 596 1180 Egara
616 1131 805 1171 rechlinea
823 1134 894 1176 est,
919 1136 1022 1187 cujus
1033 1137 1127 1191 peri-

315 1195 434 1224 meter
462 1197 509 1224 ex
530 1184 632 1225 lineis
647 1188 752 1228 restis
769 1205 779 1233 ,·
801 1191 1018 1235 Curvilz'nea
1031 1224 1041 1237 ,
1064 1210 1127 1236 cu-

316 1242 373 1293 jus
397 1243 595 1296 perimeter
611 1259 660 1285 ex
693 1249 813 1290 curvis
827 1266 837 1293 3
861 1253 1095 1295 Mxtilinea
1115 1285 1125 1298 ,

315 1301 419 1352 cujus
449 1303 648 1355 perimeret
665 1307 800 1360 partim
816 1323 864 1350 ex
895 1313 1000 1353 restis
1014 1342 1027 1361 ,
1043 1328 1127 1368 par-

315 1359 382 1399 tim
412 1373 459 1400 ex
491 1362 611 1402 curvis
643 1366 797 1407 constat.

452 1421 822 1466 DEFINITIO
884 1432 980 1472 XV.

375 1488 443 1529 35.
474 1478 602 1520 Latus
624 1482 675 1521 est
697 1483 793 1524 linea
815 1515 826 1532 ,
860 1500 942 1541 quae
967 1490 1018 1530 est
1040 1504 1125 1546 pars

311 1537 501 1591 perimetri
521 1537 649 1592 figurae
665 1538 914 1595 superficialis.

465 1597 793 1643 DEFINITIO
854 1607 970 1647 XVI.

374 1661 440 1704 36.
461 1655 619 1696 Planum
638 1655 696 1698 seu
711 1663 844 1715 figura
853 1667 972 1718 plana
993 1666 1044 1705 est
1064 1696 1074 1709 ‚
1096 1665 1121 1707 fi

312 1724 335 1751 e
353 1712 490 1766 quovis
519 1717 659 1767 puncto
688 1720 876 1771 perimetri
901 1723 950 1763 ad
974 1726 1121 1778 quodli-

310 1771 380 1868 l{et
405 1770 568 1823 ejusdem
601 1776 738 1817 rectam
767 1779 803 1818 in
826 1781 958 1823 eadem
980 1783 1119 1827 ducere

340 1840 410 1870 cet.

447 1920 582 1964 DEFJ
601 1900 781 1970 N1T1⁷o
843 1934 990 1976 XVII.

374 1997 441 2039 37.
462 1990 624 2036 Circulus
640 2000 690 2040 est
711 2000 830 2056 figura
864 2007 974 2060 plana
988 2038 998 2052 ‚
1026 2008 1122 2051 linea

170 2081 256 2118 Tnb.
274 2083 300 2120 L
313 2043 350 2085 in
381 2044 415 2086 se
433 2049 615 2095 redeunte
634 2061 828 2102 terminata
843 2094 853 2106 ‚
873 2079 919 2105 ex
937 2068 1041 2119 cujus
1055 2068 1124 2109 fin-

169 2132 272 2179 Figz

314 2104 408 2158 guliS
430 2111 573 2160 punctis
596 2115 643 2154 ad
661 2122 838 2171 pundtum
862 2123 1124 2168 intermedium

277 2157 286 2167 ⁸
314 2164 493 2217 C2quod
520 2169 686 2214 Centrum
717 2182 844 2221 vocari
863 2181 981 2233 solet,
1005 2186 1124 2227 ducstae

314 2222 419 2261 rec‘iae
436 2221 515 2265 sunt
544 2228 638 2270 inter
658 2231 693 2273 se
714 2240 882 2292 aequales.
949 2245 1061 2286 Linea
1083 2246 1125 2286 il-

313 2282 347 2321 la
363 2281 578 2338 Peripheria
602 2290 747 2336 dicitur.

444 2359 777 2413 DEFINITIO
826 2377 993 2419 XVIII.
1040 2415 1042 2417 ,

334 2488 341 2495 .
375 2439 441 2480 38.
462 2433 603 2505 Chqrda
621 2444 695 2485 AB
715 2448 765 2487 est
787 2453 885 2494 reeta
915 2468 937 2495 a
952 2454 1123 2512 periphe-

312 2501 365 2529 na
384 2491 432 2532 ad
452 2498 699 2553 peripherIam
718 2506 840 2552 dueta.
1001 2533 1008 2537 ·

543 142 994 187 ELEMENTA
1055 148 1593 195 GEOMETRIAE.
1657 157 1788 196 PARS
1824 159 1853 198 Ι.

1344 250 1711 293 DEFINITIO
1772 254 1885 293 XIX.

1275 317 1340 356 39.
1369 309 1557 351 Diameter
1588 310 1623 351 A
1642 312 1671 350 E
1703 311 1755 351 est
1786 310 1928 351 chorda
1959 325 2025 366 per

1214 375 1381 406 centrum
1399 369 1436 408 C
1466 368 1653 409 transiens.
1715 369 1802 420 Ejus
1828 369 2024 411 dimidium

1217 423 1310 471 Ac,
1343 424 1422 466 five
1452 429 1549 467 redta
1580 429 1667 469 CD
1697 441 1745 468 ex
1777 441 1908 470 centro
1930 430 2028 470 Cad

1214 483 1457 538 peripheriam
1487 486 1598 527 ducta
1629 485 1763 527 dicitur
1791 487 2022 531 semidiame-

1216 554 1270 583 ter
1295 571 1307 590 ,
1332 542 1422 584 item
1447 543 1608 591 Radius.

1409 654 1841 696 CORoLLARIUM.

1265 739 1322 770 40.
1348 730 1449 766 Radii
1464 743 1543 778 ergo
1566 729 1661 765 unius
1687 730 1802 768 circuli
1829 729 1911 766 inter
1930 730 1959 767 {e
1985 743 2023 767 ae-

1214 777 1325 825 quales
1345 776 1414 814 sunt
1428 780 1487 822 (5.
1506 782 1580 823 37).

1345 881 1721 922 DEFINITIO
1782 884 1880 922 XX.

1272 964 1341 998 41.
1364 952 1485 994 Arcus
1503 954 1554 994 est
1584 969 1669 1008 pars
1704 955 1938 1010 quantalibet
1962 969 2025 1011 pe-

1213 1011 1377 1065 ripheriae
1407 1013 1538 1053 AFB:
1572 1012 1727 1055 Gradus
1763 1028 1851 1054 vero
1871 1015 1921 1055 est
1938 1028 2023 1069 pars

1211 1069 1373 1121 ejusdem
1387 1071 1638 1113 trecentefima
1663 1070 1895 1127 sexagesima.
1930 1075 2023 1129 Qi-

1212 1129 1303 1170 libet
1333 1130 1468 1185 gradus
1499 1131 1537 1171 in
1570 1138 1626 1175 60
1676 1134 1840 1173 Minuta
1870 1138 2019 1187 primm

1211 1189 1395 1229 minutum
1441 1189 1643 1244 quodlibet
1677 1191 1714 1230 in
1747 1198 1803 1235 60
1821 1190 1981 1244 stcunda
2009 1207 2019 1235 ς

1211 1245 1413 1289 secundum
1444 1249 1743 1304 unumquodque
1760 1250 1796 1289 in
1830 1257 1886 1294 60
1911 1256 2022 1291 tertia

1213 1310 1284 1348 δερ.
1317 1305 1576 1349 subdividitur.
1595 1309 1770 1350 Euclides
1781 1322 1910 1350 arcum
1927 1323 2022 1367 quo-

1211 1380 1287 1428 que
1308 1367 1553 1422 peripheriam
1585 1380 1709 1409 vocat.

1298 1455 1934 1496 CoRoLLARIUM.

1258 1541 1318 1571 42.
1335 1532 1421 1565 Cum
1447 1530 1627 1577 peripheria
1656 1530 1828 1578 cujuslibet
1850 1531 1962 1567 circuli
1984 1532 2018 1566 in

1212 1586 1278 1621 360
1294 1581 1413 1628 gradus
1427 1581 1608 1620 dividatur3
1625 1581 1737 1615 circuli
1754 1582 1886 1628 majoris
1898 1583 2017 1630 gradus

1206 1629 1279 1667 sunt
1296 1632 1434 1677 majores
1461 1629 1615 1678 gradibus
1637 1631 1786 1666 minoris.

1371 1699 1839 1741 SCHOLION.

1258 1788 1300 1823 43
1315 1804 1322 1812 .
1345 1776 1495 1824 Scrupula
1512 1778 1672 1822 graduum
1684 1777 1759 1820 sunt
1779 1776 1954 1822 frac‘liones
1975 1775 2019 1818 se-

1205 1827 1408 1874 xagefimales
1439 1828 1499 1868 (Αἵ.
1522 1830 1584 1869 385
1605 1827 1772 1868 Arithm.)
1801 1828 1843 1862 &
1872 1825 2016 1873 apicibus

1200 1875 1266 1925 suis
1280 1885 1429 1913 notantur
1445 1879 1497 1918 (β’.
1518 1881 1585 1919 387
1600 1878 1740 1912 Arithm.
1756 1876 1781 1922 ).
1799 1879 1920 1912 Gradui
1946 1885 2016 1911 tan-

1205 1940 1299 1975 quam
1336 1929 1460 1972 integro
1482 1930 1536 1969 seu
1563 1928 1685 1962 unitati
1711 1927 1829 1973 ceffito
1853 1950 1864 1967 ,
1893 1928 2017 1961 minuto

1200 1980 1303 2024 primo
1322 1989 1335 2011 1
1354 2004 1363 2016 ‚
1379 1976 1506 2019 secundo
1523 1990 1539 2010 2
1558 1999 1569 2018 ,
1596 1979 1696 2012 tertio
1715 1988 1728 2018 3
1750 1978 1822 2012 &a
1837 1975 2016 2021 consequen-

1204 2040 1255 2064 ter
1276 2030 1397 2073 gradus
1428 2038 1499 2062 cum
1518 2026 1584 2070 suis
1606 2026 1760 2072 scrupulis
1789 2027 1895 2061 eodem
1925 2027 2015 2060 modo

1203 2078 1383 2122 scribuntur
1397 2100 1407 2115 ‚
1425 2088 1484 2123 quo
1499 2078 1681 2122 decempeda
1693 2088 1762 2111 cum
1769 2076 1835 2118 suis
1851 2077 1861 2116 (
1875 2076 1917 2115 AY.
1930 2087 1973 2115 27
1988 2074 2014 2119 ).

1204 2130 1244 2165 E.
1257 2140 1308 2175 gr.
1332 2138 1345 2169 3
1362 2128 1501 2173 gradus,
1520 2137 1560 2169 25
1586 2128 1710 2162 minuta
1723 2150 1732 2167 ‚
1753 2130 1796 2162 16
1816 2125 1950 2169 fecunda
1964 2127 2014 2160 ita

1199 2183 1331 2227 scribis:
1358 2186 1396 2222 3⁰
1423 2174 1480 2223 25'
1508 2174 1587 2216 16⁰.
1640 2178 1709 2224 Etfi
1735 2188 1842 2215 autem
1866 2180 2015 2226 AEgyptii

1202 2244 1328 2271 veteres
1351 2256 1362 2274 ‚
1389 2233 1502 2280 quibus
1535 2233 1613 2268 hanc
1640 2232 1820 2278 divisionem
1855 2232 2030 2278 acceptam*

1197 2286 1310 2331 ferunt
1322 2308 1332 2325 ,
1345 2283 1401 2318 hoc
1416 2282 1555 2327 artificio
1570 2292 1748 2330 computum
1761 2281 2013 2323 Astronomicum

1204 2348 1224 2371 a
1245 2332 1456 2380 frastionibus
1479 2333 1714 2374 liberaverint,
1743 2345 1813 2368 cum
1835 2331 2013 2376 fraffiones

1205 2383 1435 2431 sexagesimales
1460 2382 1557 2423 instar
1581 2395 1781 2419 numerorum
1814 2385 2011 2428 integrorum

1204 2435 1340 2471 trac'tari
1357 2433 1492 2481 poffint‚
1533 2446 1587 2469 nec
1615 2433 1681 2478 fine
1713 2434 1862 2479 prudenti
1887 2431 2011 2476 consilio

1205 2487 1333 2521 eundem
1361 2485 1393 2518 in
1424 2482 1524 2528 finem
1555 2495 1625 2519 eum.
1652 2485 1808 2529 graduum
1853 2493 2013 2517 numerum

1200 2530 1357 2583 fecerint,
1386 2535 1442 2581 qni
1463 2543 1523 2582 per
1549 2547 1580 2569 2.
1601 2546 1632 2582 3.
1649 2545 1682 2575 4·
1701 2545 1732 2579 5.
1748 2539 1781 2568 6.
1799 2536 1831 2570 8.
1848 2544 1882 2573 9.
1904 2531 2014 2617 eicie-uffo

1949 2593 2014 2617 tvl„

2091 2602 2100 2869 i
