2101 2869
265 191 351 228 xiv
717 169 1508 223 PRAEFATIO.

265 285 293 341 ὲ
316 282 538 339 doctrina
578 284 626 337 in
656 282 911 337 Ecclesiam
945 287 997 335 ὅ(
1027 282 1398 354 Rempublicam
1429 281 1696 335 redundant
1721 317 1733 337 ,
1768 281 1952 336 emolu-

263 381 427 416 menta
456 402 468 419 ,
517 357 782 432 plurimum
828 360 1001 418 refert,
1049 360 1114 417 si,
1143 360 1224 432 qui
1268 359 1355 420 ob'
1394 358 1717 412 eruditionem
1761 361 1948 433 utrique

263 439 613 512 praeficiuntur,
653 436 741 488 sint
774 437 964 494 affidui,
1007 424 1284 493 confiderati
1314 472 1326 491 ‚
1387 435 1622 488 moderati
1661 439 1713 488 ὃς
1742 437 1946 489 veritatis

266 534 514 572 amantes,
556 533 680 587 quos
715 513 987 566 Matheseos
1024 513 1236 565 studium
1266 512 1438 571 efficit,
1482 512 1562 565 ubi
1595 513 1659 564 ita
1696 519 1943 576 traetetur,

267 612 322 647 ut
363 591 619 663 amplificet
653 591 791 642 usum
831 590 1041 647 rationis,

345 676 614 741 Qotquot
658 667 880 719 humanae
926 665 1098 719 mentis
1139 666 1257 720 vires
1307 669 1592 739 cognoscere
1634 666 1820 719 student
1878 686 1948 719 ea-

268 766 476 819 rumque
518 746 656 797 usum
696 743 882 796 scrutari
926 743 1165 817 gestiunt,
1226 763 1307 795 eos
1347 745 1407 796 ad
1449 743 1810 795 Matliematum
1857 742 1947 796 cul„

267 843 429 878 turam
462 823 734 878 invitamus,
833 821 1064 874 Ostendet
1104 819 1303 894 Algebra
1358 837 1502 893 atque
1548 820 1831 873 Geometria
1883 820 1948 872 su‹

269 901 497 959 blimior,
540 897 656 952 nihil
691 896 777 950 esse
822 914 923 950 tam
960 896 1214 955 abditum,
1255 896 1371 969 quin
1420 897 1696 970 detegatur:
1756 895 1949 950 docebit

269 977 579 1033 Astronomia
626 995 741 1028 cum
786 973 1122 1047 Geographia,
1195 972 1312 1037 nihil
1365 974 1450 1027 effe
1491 971 1518 1025 a
1554 974 1754 1026 sensibus
1793 973 1948 1025 homi-

269 1075 394 1108 ·num
427 1072 529 1107 tam
576 1070 826 1107 remotum
865 1091 876 1108 ‚
923 1051 1041 1124 quin
1079 1050 1127 1102 id
1169 1052 1271 1104 satis
1308 1049 1522 1104 distincte
1564 1052 1849 1125 cognoscere
1898 1054 1951 1103 δε

270 1127 486 1186 accurate
531 1129 735 1183 dimetiri
793 1127 1034 1181 valeamus
1072 1155 1080 1179 :
1132 1129 1374 1182 testabitur
1411 1128 1614 1181 calculus
1657 1127 1951 1180 Astronomi-

271 1229 388 1266 cus,
446 1207 625 1281 quanta
659 1204 938 1260 certitudine
984 1205 1143 1258 futura
1186 1206 1294 1259 coeli
1337 1205 1656 1277 phaenomena
1708 1205 1951 1275 praedicere

274 1286 443 1344 liceat,
483 1285 563 1337 ets1
602 1285 782 1338 Genius
822 1281 980 1333 nullus
1022 1299 1286 1342 motuum,
1328 1283 1504 1356 quibus
1540 1283 1682 1335 fidem
1713 1283 1948 1338 feruntur,

274 1362 401 1436 leges
443 1361 741 1414 Astronomis
782 1358 1087 1412 revelaverit:
1129 1361 1302 1431 Optica
1340 1380 1453 1413 cum
1474 1356 1775 1412 Astronomizi
1806 1358 1954 1411 discri-

276 1459 392 1492 men
421 1439 541 1492 inter
582 1435 1006 1509 repraesentationes
1050 1456 1209 1489 rerum
1249 1437 1295 1488 in
1334 1437 1578 1489 intellectu
1610 1440 1660 1488 ὅ(
1702 1437 1748 1488 in
1788 1435 1952 1508 imagi-

275 1517 473 1570 natione
515 1514 796 1568 monstrabit
830 1540 839 1564 :
932 1513 1241 1568 Arithmetica
1264 1554 1274 1571 ,
1324 1513 1714 1587 Trigonometria
1746 1516 1797 1564 ἃ
1830 1517 1954 1564 Ana-

275 1594 380 1667 ]yfis
413 1591 597 1666 regulas
636 1588 873 1664 generales
910 1590 1275 1661 suppeditabunt
1298 1631 1310 1649 ‚
1354 1590 1528 1663 quibus
1566 1591 1613 1642 in
1654 1588 1952 1644 inveniendo
2000 1654 2013 1667 ο

277 1671 506 1743 dirigatur
554 1668 821 1721 intelle6tus
859 1671 910 1719 &
940 1665 1036 1721 una
1077 1688 1192 1721 cum
1229 1667 1430 1720 senfibus
1468 1668 1794 1738 compescatur
1834 1666 1954 1719 ima-

279 1746 492 1821 ginatio,
546 1765 608 1798 ne
648 1743 983 1798 meditationes
1014 1745 1172 1798 turbet
1204 1770 1212 1795 :
1298 1744 1564 1797 Methodus
1602 1744 1808 1816 denique
1849 1749 1951 1796 Ma-

278 1823 537 1877 tliematica
577 1828 766 1874 reetum
797 1821 990 1873 rationis
1039 1822 1178 1874 usum
1215 1821 1542 1876 manifestabit.

357 1905 552 1970 Qanta
593 1899 647 1951 fit
683 1899 750 1952 vis
781 1897 1142 1951 Mathematum
1174 1900 1223 1951 in
1262 1899 1460 1952 Scientia
1499 1897 1722 1955 naturali,
1765 1917 1820 1950 ex
1853 1905 1953 1952 Sta-

283 1979 405 2033 tica‚
455 1975 738 2029 Mechanica
765 2016 776 2034 ,
837 1975 1205 2048 Hydrostatica2
1264 1975 1586 2030 Aerometria‚
1629 1974 1953 2047 Hydraulica‚

285 2053 490 2125 Optica‚
534 2053 843 2123 Catoptrica‚
895 2053 1172 2123 Dioptrica,
1211 2052 1518 2105 Astronomia
1556 2054 1608 2103 ὃς
1649 2052 1954 2124 Geographia

281 2129 473 2185 abunde
515 2129 803 2200 perspicitur:
841 2148 946 2200 quae
994 2149 1164 2182 omnes
1199 2147 1481 2203 argumenta
1518 2128 1739 2201 quaedam
1770 2128 1955 2201 Physlca

283 2204 477 2260 solidius
517 2225 661 2278 atque
708 2203 992 2276 profundius
1034 2211 1313 2278 pertractata
1354 2205 1609 2263 exhibent,
1671 2203 1822 2277 quam
1860 2206 1956 2258 fine

206 2283 214 2289 ’
283 2283 558 2337 Matlieseos
600 2283 834 2355 Principiis
870 2283 966 2335 fieri
1011 2301 1209 2354 poterat.
1292 2290 1475 2337 Nonne
1515 2282 1643 2334 enim
1675 2283 1847 2355 Physici
1889 2284 1953 2334 est

283 2359 509 2430 explicare
554 2378 751 2413 motum
779 2400 791 2419 ,
854 2360 1224 2433 gravitationem
1280 2379 1541 2431 corporum
1567 2395 1581 2415 ‚
1650 2360 1956 2430 proprietates

286 2438 429 2495 aeris,
466 2435 784 2491 Pliaenomena
813 2436 971 2497 visus,
1007 2440 1290 2492 strusturam
1337 2436 1534 2492 univerfi
1568 2473 1582 2493 2
1629 2455 1850 2490 naturam
1902 2439 1959 2487 ὃς

1852 2531 1964 2583 pro-⁴v
