2101 2869
232 167 289 207 86
509 158 974 201 ELEMENTA
1035 154 1665 200 ARITHM-ETICAE.

230 270 277 308 4.
296 255 404 301 Enim
418 270 511 297 vero
521 269 599 298 non
618 270 712 311 opus
732 256 782 296 est
794 285 806 302 ,
831 268 872 295 ut
889 254 1057 295 omnium

293 330 536 360 numerorum
556 315 771 370 logarithmi
798 326 904 354 tanto
925 313 1056 353 labore

292 378 568 431 investigentur:
582 374 775 428 compofiti
786 374 883 412 enim
895 387 979 412 cum
990 385 1057 426 per

292 437 385 477 alios
403 448 578 480 numeros
598 433 715 473 dividi
741 430 873 486 poffint
891 432 1054 484 (§.76),

292 495 469 549 adeoque
490 497 528 534 ὃς
551 507 597 532 ex
615 492 693 532 aliis
713 489 749 530 se
769 502 905 530 mutuo
934 489 1056 530 multi-

292 553 587 610 plicantibus(§.
606 548 907 601 212)oriantur‚
924 562 1055 589 eorum

291 611 506 669 logarithmi
513 610 711 666 perTheor.
718 616 741 652 6
749 620 768 658 3
775 609 819 654 ὠ*
831 616 898 655 64.
910 612 960 654 (§.
969 619 988 657 3
997 620 1016 658 3
1024 619 1050 659 7

292 673 337 720 (ῥυ
348 673 448 727 ſsqq.
464 670 479 722 )
496 670 743 709 inveniuntur.
765 671 806 708 E.
830 681 887 722 gr.
910 666 934 706 fi
948 667 1055 721 loga—

292 732 446 772 rithmus
483 729 627 768 numeri
660 739 683 776 9
724 724 902 767 bisecetur
921 755 932 773 ,
968 739 1056 780 pro-

290 792 346 832 dit
359 788 605 844 logarithmus
623 802 662 828 o.
683 796 910 838 47712125
930 798 1056 825 nume-

292 851 322 891 ri
343 861 363 900 3
380 849 440 902 (ᾗ.
456 854 536 898 338
552 848 584 896 ).

376 910 903 949 COROLLARIUM.

291 988 368 1018 347.
386 973 655 1010 Charaeteristica
665 971 762 1020 igitur
777 970 1054 1019 logarithmorum

231 1037 294 1071 'pro
315 1024 455 1061 numetis
475 1023 515 1057 ab
537 1036 549 1058 1
575 1024 613 1057 ad
631 1034 674 1057 10
696 1022 741 1057 est
756 1035 797 1059 0,
824 1033 885 1069 pto
911 1020 1054 1055 numeris

234 1090 253 1112 a
284 1091 325 1114 10
353 1078 390 1110 ad
414 1088 478 1110 100
495 1073 539 1108 est
569 1085 583 1108 1
604 1097 615 1112 ,
651 1085 711 1119 pto
732 1071 876 1107 numeris
893 1083 910 1104 a
928 1083 993 1106 100
1015 1071 1055 1104 ad

239 1138 329 1164 1000
354 1126 395 1162 est
421 1137 438 1158 2
455 1129 520 1159 &c.

448 1176 473 1214 S
496 1188 518 1214 c
549 1187 575 1214 H
604 1188 629 1214 o
652 1185 674 1213 L
699 1185 713 1212 1
743 1185 770 1213 o
795 1183 840 1212 N.

289 1239 369 1278 348.
396 1238 548 1269 emonem
578 1233 856 1279 Logarithmorum
872 1241 932 1278 pro
946 1242 1054 1266 nume-

232 1289 281 1324 ris
297 1284 498 1321 naturalibus
526 1284 566 1319 ab
594 1295 606 1318 1
632 1284 727 1329 uftluc
742 1284 782 1316 ad
811 1295 931 1316 20000
955 1283 997 1316 Θ
1035 1294 1054 1315 a

235 1350 356 1379 90000
382 1338 422 1371 ad
451 1348 594 1370 ιο0000
617 1337 738 1379 primus
760 1335 943 1367 construxit
962 1334 1053 1366 Hen-

233 1389 319 1423 ricus
347 1385 514 1434 Briggius,
531 1381 692 1428 Professor
712 1385 901 1418 Geometriae
915 1381 1053 1416 Savilia-

233 1452 290 1476 nus
318 1439 351 1473 in
365 1437 548 1473 Academia
565 1433 733 1478 Oxonienfi
751 1460 760 1472 ‚
788 1446 828 1468 ex
856 1432 976 1477 confilio
1001 1441 1050 1466 ta·

232 1501 305 1525 men
319 1489 418 1535 primi
445 1487 624 1521 inventoris
647 1483 772 1531 Neperi
791 1487 832 1525 (a
848 1486 857 1522 )
874 1484 916 1519 (ff
931 1482 1054 1517 metho-

233 1541 305 1575 dum
325 1536 519 1576 construendi
531 1549 594 1571 una
608 1536 750 1582 exposuit
771 1536 803 1569 in
813 1533 871 1577 sua
887 1533 1054 1568 Arithme-

233 1593 297 1625 tica
325 1588 576 1633 Logarithmica.
598 1588 760 1621 Lacunam
772 1587 859 1620 inter
878 1595 999 1617 zocoo
1012 1583 1054 1617 &⁸

234 1651 357 1681 90000
373 1649 446 1671 mox
473 1637 616 1684 explevit
643 1635 804 1671 Adrianus
820 1632 959 1668 vlaccus
978 1629 1053 1677 (b).

233 1693 278 1726 In
289 1687 407 1724 libellis
414 1686 600 1732 vulgaribus
607 1685 745 1722 habetur
752 1694 878 1720 tantum
889 1684 1055 1719 CanonLo-

232 1741 469 1788 garithmorum
478 1747 535 1784 pro
544 1738 684 1772 numeris
694 1735 734 1772 ab
748 1749 759 1771 1
773 1734 864 1782 usque
875 1736 935 1769 ad1
944 1745 1054 1767 0000.

294 1791 473 1829 PRoss
504 1799 574 1827 LE
605 1799 685 1827 MA
746 1785 993 1826 XXXVII.

299 1857 396 1898 349.
428 1848 601 1887 Invenire
625 1846 881 1901 legarithmum
901 1856 968 1898 pro
992 1859 1056 1883 nu-

235 1912 348 1950 meris
363 1907 561 1960 majoribus
580 1934 591 1952 ,
615 1921 723 1960 quam
743 1911 783 1944 in
808 1904 950 1944 Canone
979 1918 1057 1941 con-

237 1972 403 2009 tinentur
428 1994 438 2006 ‚
468 1966 668 2005 minoribus
693 1977 813 2004 tamen
837 1974 1055 2002 10000000.

390 2024 424 2064 R
456 2035 476 2063 E
512 2036 529 2063 s
565 2036 594 2065 o
629 2035 653 2062 L
687 2035 713 2062 u
750 2036 775 2061 T
812 2034 824 2060 1
863 2034 904 2062 o.

245 2097 281 2127 1.
296 2080 518 2125 Resecentur
543 2094 570 2128 4
602 2093 701 2121 notae
719 2081 770 2121 ad
795 2079 969 2120 finisti-am
992 2094 1060 2120 nu-

299 2141 392 2183 meri
412 2141 489 2181 dati
518 2144 556 2181 ὃς
569 2154 699 2180 earum
715 2153 760 2180 ex
771 2152 915 2180 canone
932 2153 1060 2180 excer-

299 2212 409 2255 patur
421 2200 678 2255 logarithmus.

243 2270 284 2303 2.
301 2258 618 2301 Charaetcristicae
643 2270 702 2298 tot
723 2257 908 2297 addantur
942 2257 1060 2297 unita-

301 2330 356 2359 tes
370 2346 381 2365 ,
411 2330 507 2372 quot
524 2330 621 2359 notae
644 2317 693 2358 ad
719 2316 892 2358 dextram
911 2315 1062 2355 reliduae

301 2375 499 2431 (9347)ὗ

284 2493 327 2529 (a)
345 2494 423 2525 Vide
444 2491 555 2534 praefat.
579 2493 615 2524 ad
635 2491 859 2523 Arithmeticam
882 2488 1065 2530 Logarithm.

243 2532 356 2612 &igini
370 2533 459 2567 altera
472 2533 606 2567 editione
619 2531 822 2567 Arithmeticae
842 2528 1065 2570 Logamhmicae

238 2597 242 2600 Δ
316 2597 334 2613 ³
359 2591 369 2600 .

1149 265 1186 304 3.
1206 254 1470 318 Logarithmus
1489 254 1662 296 inventus
1686 251 1922 298 subtrahatur
1942 270 1965 300 a

1204 315 1378 368 proxime
1400 311 1579 368 sequente
1604 314 1642 354 in
1664 328 1820 355 canone.

1144 383 1183 419 4.
1203 373 1386 413 Inferatur
1402 390 1410 412 :
1430 385 1471 412 ut
1497 372 1705 413 differentia
1723 387 1966 415 numerorum

1202 432 1239 472 in
1259 446 1403 472 canone
1437 431 1700 479 evolutorum‚
1723 431 1772 471 ad
1791 431 1964 473 differen-

1161 521 1163 523 >
1201 491 1292 531 tiam
1326 490 1534 531 tabularem
1564 490 1876 544 logarithmorum
1909 491 1962 545 ip-

1195 548 1245 589 {is
1269 547 1571 603 respondentium
1586 564 1596 591 3
1613 549 1663 588 ita
1682 561 1781 590 notae
1812 548 1966 590 refiduae

1202 609 1345 649 numeri
1352 607 1445 655 dati,
1465 607 1513 647 ad
1525 606 1772 648 differentiam
1785 607 1963 661 logarith-

1202 668 1340 707 micam
1351 680 1418 721 per
1439 668 1560 707 Probl.
1588 677 1654 715 33.
1685 671 1747 721 (§.
1785 664 1893 718 302)
1909 667 1962 708 in-

1202 726 1425 766 veniendam
1443 743 1452 764 :
1473 739 1557 779 quae
1590 723 1615 764 fi

1149 795 1184 836 5.
1199 784 1374 826 Addatur
1395 784 1623 838 logarithmo
1634 796 1701 837 per
1714 799 1751 822 n.
1770 794 1784 825 1
1810 783 1854 828 ὠ·
1871 793 1892 827 2
1911 784 1964 825 in-

1201 856 1317 883 vento
1337 858 1347 886 ;
1367 840 1507 883 summa
1524 843 1594 884 erit
1610 841 1857 896 logarithmus
1867 857 1968 898 quae-

1203 902 1302 942 fitus.
1810 918 1813 921 ·

1143 964 1178 996 E.
1207 974 1256 1010 gr.
1277 960 1430 1008 quaeritur
1457 959 1672 1009 logarithmus
1685 959 1812 994 numeri
1829 971 1962 1006 92375.

1143 1013 1264 1046 Reseca
1292 1020 1434 1058 quatuor
1457 1020 1550 1045 notas
1574 1021 1669 1051 9237
1700 1013 1736 1044 &
1756 1008 1962 1047 charaekeris-

1143 1063 1241 1096 ticam
1274 1074 1287 1103 3
1314 1060 1503 1109 logatithmi
1525 1061 1561 1094 iis
1590 1061 1623 1094 in
1643 1058 1760 1094 tabulis
1780 1060 1964 1097 minoribus

1144 1110 1362 1159 respondentis
1391 1123 1419 1152 3.
1439 1118 1505 1155 965
1518 1122 1530 1155 5
1543 1121 1608 1151 309
1626 1122 1707 1157 auge
1725 1110 1858 1145 unitate.
1874 1113 1963 1146 Hinc

1143 1175 1160 1197 e
1199 1162 1350 1209 logarith.
1393 1162 1520 1196 numeri
1553 1164 1724 1202 9238:
1742 1166 1962 1204 3.9655780

1143 1218 1279 1254 subduc.
1321 1220 1392 1266 log.
1430 1232 1520 1253 num.
1555 1225 1962 1263 923723·9655309

1142 1314 1337 1371 relinquitur
1382 1311 1486 1347 differ.
1550 1313 1651 1349 tabul.

1141 1370 1301 1402 Interamn·
1331 1378 1340 1400 :
1391 1375 1433 1398 10
1555 1375 1623 1405 471
1646 1377 1718 1385 ··—
1739 1375 1754 1408 5

1310 1415 1347 1458 5)
1411 1428 1427 1448 2
1551 1427 1626 1434 —-
1736 1428 1750 1450 ι
1808 1413 1854 1461 (ᾗ
1857 1416 1966 1462 316).

1551 1473 1589 1504 23
1602 1475 1616 1508 5

1141 1519 1215 1557 Jam
1261 1514 1461 1564 logarithmo
1743 1526 1801 1556 4.9
1814 1521 1855 1560 65
1873 1525 1962 1559 5309

1141 1567 1278 1602 addatur
1297 1564 1459 1602 different.
1484 1564 1615 1599 inventa
1893 1577 1932 1607 23
1944 1576 1960 1609 ς

1144 1669 1276 1703 Summa
1287 1665 1441 1715 estlogar.
1460 1663 1553 1712 quaes.
1752 1669 1858 1707 4.965
1869 1675 1883 1708 5
1895 1674 1967 1708 544

1325 1739 1780 1777 SCHoLloN.

1199 1832 1279 1864 350·
1307 1818 1507 1865 Differentiae
1533 1821 1677 1866 equidem
1704 1819 1966 1866 logaritbmorum

1146 1884 1206 1907 non
1230 1872 1303 1915 sunt
1338 1872 1528 1915 differentiis
1553 1881 1756 1905 numerorum
1785 1871 1967 1916 proportio-

1146 1922 1231 1956 nates
1257 1935 1265 1957 :
1293 1924 1333 1956 ad
1368 1923 1486 1968 praxiu
1508 1929 1615 1954 tamen
1643 1945 1653 1957 ,
1687 1919 1743 1954 ubi
1771 1922 1804 1954 in
1825 1921 1966 1954 minimis

1141 1970 1307 2018 scrupulosi
1322 1983 1381 2005 non
1400 1971 1529 2015 sumus,
1553 1971 1717 2005 methodus
1749 1968 1967 2014 traditulitffi-

1147 2024 1217 2062 cit,
1246 2020 1273 2065 fi
1299 2020 1469 2065 praesertim
1487 2028 1564 2053 notae
1590 2017 1716 2062 residuae
1751 2020 1878 2054 numeri
1898 2020 1967 2054 dati

1148 2084 1207 2107 non
1227 2069 1355 2115 fuerint
1379 2073 1458 2104 adeo
1485 2072 1601 2103 multae.
1659 2072 1754 2104 Certe
1791 2071 1823 2104 in
1865 2066 1969 2108 nostro

1149 2121 1217 2164 casu
1250 2122 1327 2155 adeo
1364 2118 1506 2154 erastum
1531 2121 1703 2165 reperimus
1724 2142 1734 2156 ,
1780 2127 1817 2154 ut
1842 2130 1969 2154 accus-a..

1151 2173 1211 2207 tior
1248 2174 1280 2206 in
1307 2169 1426 2205 tabulis
1449 2167 1625 2213 majoribus
1653 2169 1781 2218 Briggii
1818 2181 1879 2204 non
1923 2180 1969 2204 oc<

1151 2231 1274 2257 currat.

1158 2274 1557 2312 ›PROBLEMA'
1607 2270 1910 2312 XXXVIII.

1216 2377 1311 2419 351.
1351 2368 1526 2408 Invenire
1569 2367 1825 2423 legarithmum
1865 2366 1971 2420 fiac-

1156 2432 1267 2468 tionis
1293 2455 1304 2473 ‚
1346 2433 1447 2481 cujus
1477 2440 1686 2470 numerator
1709 2432 1829 2469 minor
1866 2427 1971 2466 deno-

1155 2494 1344 2530 minatore.

1824 2545 1859 2585 R
1871 2555 1890 2583 E
1905 2555 1919 2582 s
1933 2553 1977 2581 o-
