2101 2869
252 185 283 224 <⁶
545 178 627 217 DE
691 176 1052 217 METHoDo
1115 173 1681 229 MATHEMATICA

261 274 336 316 five
378 275 487 326 juxta
516 285 687 327 quartam
721 273 817 313 datis
847 273 935 313 alias
961 271 1079 327 super-

260 333 402 375 addas:
432 333 599 373 nostrum
623 345 745 372 autem
785 333 979 373 arbitrium
999 332 1077 372 nul-

262 393 336 433 lam
355 392 467 432 rebus
491 391 670 432 existendi
688 391 937 431 neceffitatem
956 392 1077 444 impo-

261 452 325 493 nit.
388 453 496 491 Licet
514 464 546 490 e.
562 464 617 504 gr.
658 448 810 503 spatium
833 450 951 489 tribus
970 449 1074 488 lineis

263 510 367 551 restis
389 508 657 562 comprehendi
682 509 787 562 poffit
803 538 813 555 ‚
841 508 928 548 Inde
949 520 1073 547 tamen

262 568 433 610 nondum
454 568 572 622 liquet
590 597 601 615 ,
622 568 729 620 quod
747 568 857 607 etiam
880 579 1042 620 quatuor
1059 596 1070 613 ,

259 629 429 683 quinque
453 638 517 667 aut
534 626 700 680 pluribus
727 638 974 680 quotcunque
994 625 1071 664 aliis

259 686 447 726 terminari
475 697 601 739 queat.
623 686 670 724 Et
687 686 858 738 quamxis
880 697 952 723 tres
968 684 1071 723 lineae

258 747 362 785 restae
397 742 554 798 spatium
595 743 917 797 comprehendant
937 759 946 785 ς
983 742 1069 781 inde

257 816 383 845 tamen
420 802 589 841 nondum
631 814 784 856 apparet
805 831 813 843 ‚
845 801 950 855 quod
974 803 1069 840 inter

256 860 295 903 se
317 860 476 916 aequales
495 860 566 901 effe
596 860 740 915 poffint.
804 860 914 900 Tales
941 861 1069 913 itaque

256 920 490 962 definitiones
515 919 700 973 poffibiles
726 916 795 958 effe
815 919 1067 958 demonstran-

255 980 348 1020 dum
368 979 419 1018 est
435 996 442 1017 :
459 979 497 1018 id
515 978 622 1032 quod
637 980 850 1018 Geometrae
863 979 959 1016 circa
974 977 1067 1030 figu-

256 1053 314 1079 ras
326 1038 495 1093 praestant
513 1067 521 1078 ‚
550 1037 642 1077 dum
674 1050 800 1076 earum
828 1037 1067 1076 constructio-

256 1110 342 1137 nem
361 1096 524 1136 tradunt.

314 1162 349 1203 §.
373 1165 394 1198 2
405 1166 440 1206 ς.
461 1153 709 1195 Definitiones
725 1154 840 1194 reales
850 1154 911 1194 vel
929 1167 950 1193 a
968 1154 1067 1208 prio-

256 1215 286 1255 ri
297 1214 552 1259 inveniuntur,
570 1213 633 1252 vel
650 1227 671 1252 a
689 1213 881 1267 posteriori
911 1209 1064 1252 innoteli

255 1285 355 1314 cunt.
388 1273 423 1313 A
443 1272 557 1326 priori
577 1270 816 1311 definitiones
830 1271 944 1311 reales
964 1272 1066 1311 inve·

253 1332 416 1387 stigabis,
435 1330 459 1369 ii
479 1345 525 1370 ex
542 1330 702 1387 plurium
720 1329 940 1384 poffibilium
952 1359 961 1371 ,
982 1343 1065 1383 quae

254 1391 323 1431 tibi
343 1391 608 1436 innotuerunt,
625 1389 904 1429 combinatione
924 1401 1065 1427 novum

254 1448 452 1504 quoddam
473 1447 639 1502 possibile
667 1447 864 1502 producis,
888 1461 920 1487 e.
943 1461 999 1501 gr.
1017 1461 1064 1486 ex

254 1507 535 1548 combinatione
560 1507 816 1546 machinarum
847 1505 1064 1560 {implicium

254 1566 462 1606 machinam
483 1564 674 1620 quandam
704 1564 949 1619 compositam
968 1593 979 1611 ,
1004 1577 1065 1604 cu-

251 1626 309 1677 jus
340 1624 478 1665 nullam
515 1636 625 1664 antea
657 1624 823 1663 habebas
854 1626 1059 1664 notionem.

254 1686 300 1726 Et
317 1684 354 1723 In
384 1683 453 1723 hac
475 1682 629 1737 quidem
651 1683 834 1722 methodo
856 1680 951 1721 castri
982 1696 1063 1736 per-

253 1739 345 1797 saepe
356 1742 498 1796 aliquid
517 1741 637 1781 datur.
672 1741 859 1795 Exemplo
884 1742 935 1780 est
961 1755 1063 1781 com-

253 1799 387 1855 pofitio
420 1797 604 1854 telescopii
630 1813 695 1853 per
733 1799 924 1839 fortuitam
960 1813 1061 1839 corn-

253 1859 484 1900 binationem
504 1859 610 1898 lentis
632 1872 810 1898 convexa?
830 1872 914 1898 cum
929 1872 1062 1898 conca-

252 1931 300 1969 va
318 1917 464 1958 detecta
483 1947 493 1964 ,
513 1929 683 1956 narrante
708 1916 862 1957 Borello.

311 1979 346 2022 §.
390 1983 456 2020 26.
485 1973 678 2016 Difficilius
710 1975 810 2016 idem
848 1977 1058 2030 praestatur,

251 2033 279 2074 fi
305 2048 351 2074 ex
371 2035 460 2075 data
488 2033 705 2074 definitione
741 2035 917 2075 nominali
954 2035 1060 2074 realis

252 2093 488 2134 invenienda.
550 2095 635 2132 Hoc
655 2093 752 2132 enim
779 2094 815 2132 in
828 2090 912 2132 casu
938 2093 1060 2133 noti0-

252 2165 316 2191 nes
346 2152 528 2191 distinctas
552 2164 683 2191 eorum
694 2150 873 2191 'evolvere
890 2164 1060 2192 tenemur

252 2223 335 2264 quae
365 2211 401 2249 in
421 2209 485 2249 ista
505 2210 742 2249 continentur
758 2239 769 2256 ,
792 2222 831 2249 ut
850 2223 1025 2263 appareat
1043 2240 1053 2252 ‚

251 2268 376 2322 qualia
393 2268 442 2308 ad
461 2269 511 2307 rei
525 2268 786 2308 formationem
803 2269 1053 2322 requirantur5

250 2327 378 2381 postea
398 2327 632 2380 cognitiones
657 2327 731 2377 jam
759 2339 846 2367 ante
864 2327 1056 2380 acquisitas

249 2398 374 2425 mente
400 2385 566 2425 recolere
599 2385 780 2424 debemus
796 2415 806 2433 ,
830 2383 933 2425 visuri
963 2400 1052 2425 num

248 2443 336 2485 talia
354 2442 588 2491 succurrant,
608 2457 673 2498 per
692 2457 774 2498 quae
794 2445 844 2485 rei
862 2443 1054 2485 formatio-

248 2516 333 2547 nem
361 2505 558 2559 concipere
598 2503 701 2544 licet.
730 2505 772 2545 E.
803 2517 859 2559 gr.
880 2502 990 2545 datur
1015 2504 1052 2545 in

1168 270 1408 310 Astronomia
1442 270 1609 313 definitio
1646 274 1840 316 nominalis
1853 275 1977 333 Ech⁴p⁴
1991 280 1995 288 ⁴

1166 328 1209 368 fis
1230 330 1340 368 Lunae
1360 358 1372 375 ,
1393 329 1500 383 quod
1513 329 1648 378 scilicet
1677 333 1726 373 fit*
1742 334 1903 387 privatio
1921 336 1975 376 lu-

1167 388 1272 426 minis
1291 389 1404 427 Lunae
1435 389 1572 442 plenae3
1589 391 1810 432 invenienda
1839 395 1892 435 est
1909 394 1975 435 de·-

1165 445 1284 485 finitio
1315 446 1419 486 realis
1451 446 1628 498 ejusdem.
1689 452 1832 491 Lumen
1862 453 1974 506 igitur

1165 504 1293 544 lunare
1327 508 1365 544 ὃς
1383 505 1626 558 plenilunium
1657 509 1827 549 meditari
1860 511 1973 552 debe-

1164 577 1258 603 mus.
1322 564 1406 604 Ubi
1434 564 1529 605 istud
1546 580 1567 606 a
1586 567 1675 607 Sole
1707 567 1907 609 secundum
1932 571 1973 610 li-

1163 623 1384 662 neas’reaas
1402 623 1438 662 in
1457 638 1590 678 corpus
1611 625 1740 666 lunare
1758 627 1920 668 incidere
1933 632 1973 670 δε

1162 691 1334 734 tempore
1343 681 1536 735 plenilunii
1557 684 1725 739 Ecliptici
1738 686 1882 726 Lunam
1893 688 1973 728 Soli

1160 738 1425 780 diametraliter
1443 744 1584 795 opponi
1605 773 1617 791 ,
1654 743 1829 798 adeoque
1847 745 1970 786 Tellu-

1161 811 1238 838 rem
1270 798 1420 839 duobus
1440 798 1536 840 hisce
1563 802 1784 855 corporibus
1808 804 1970 859 interpo-

1158 854 1260 896 sitam
1279 858 1316 897 in
1337 858 1463 912 locum
1479 859 1557 899 Soli
1581 860 1794 914 oppolitum
1812 863 1969 915 projice-

1157 928 1196 954 re
1223 916 1392 956 umbram
1417 915 1587 958 succurrit
1606 934 1616 961 ς
1647 919 1748 960 haud
1771 919 1968 962 difficulter

1156 972 1354 1014 innotescit
1374 1004 1386 1022 ,
1410 976 1567 1030 Eclipfin
1594 978 1707 1017 Lunae
1741 978 1852 1026 oriri,
1884 979 1968 1020 fiea

1156 1033 1327 1072 umbram
1353 1046 1459 1074 terrae
1489 1036 1729 1090 ingrediatur.

1213 1098 1252 1138 ς.
1275 1102 1342 1143 27.
1369 1093 1404 1133 Α
1417 1094 1612 1147 posteriori
1633 1095 1869 1137 definitiones
1888 1111 1966 1138 rea-

1154 1150 1207 1190 les
1224 1150 1455 1192 innotescunt
1474 1182 1484 1199 ,
1505 1152 1529 1192 sl
1561 1154 1612 1193 tei
1631 1153 1846 1195 formationi
1876 1170 1964 1209 prae-

1153 1207 1270 1249 sentes
1290 1211 1527 1251 attendimus,
1542 1213 1584 1252 E.
1606 1226 1660 1266 gr.
1681 1214 1719 1253 Si
1738 1214 1819 1267 quis
1837 1214 1964 1255 videat

1153 1268 1189 1307 in
1208 1281 1343 1322 campo
1367 1270 1548 1310 circulum
1573 1268 1762 1318 describi,
1792 1272 1880 1312 fune
1897 1274 1961 1312 cir-

1154 1340 1197 1366 ca
1209 1326 1358 1367 clavum
1376 1327 1492 1368 fixum
1523 1330 1559 1368 in
1577 1344 1710 1384 gyrum
1729 1332 1836 1373 actm
1859 1332 1888 1370 is
1901 1346 1960 1386 ge·

1153 1385 1249 1425 nefin
1273 1387 1397 1426 circuli
1416 1389 1578 1442 concipit
1597 1402 1663 1441 per
1694 1401 1839 1430 motum
1857 1390 1961 1431 lineae
1993 1396 1996 1397 ’

1141 1446 1258 1484 -ῐεᾶῐε
1280 1445 1377 1484 circa
1402 1449 1578 1499 punctum
1603 1446 1731 1487 fixum.

1210 1507 1249 1548 §.
1271 1511 1338 1547 28.
1349 1503 1412 1544 Ad
1427 1504 1661 1545 definitiones
1674 1505 1786 1546 reales
1803 1519 1958 1561 quoque

1150 1563 1362 1615 pervenitur
1382 1592 1394 1610 ,
1431 1563 1522 1603 dum
1551 1564 1795 1618 compositum
1836 1577 1959 1605 totum

1149 1621 1187 1660 in
1196 1619 1273 1661 suas
1291 1632 1414 1674 partes
1423 1621 1601 1676 fimplices
1615 1621 1828 1670 resolvitur,
1851 1624 1957 1676 quod

1149 1680 1185 1718 in
1212 1680 1395 1734 organicis
1420 1680 1645 1734 potiffimum
1677 1681 1804 1722 locum
1827 1682 1956 1723 habet.

1149 1741 1231 1778 Hac
1252 1738 1395 1778 ratione
1421 1753 1454 1778 e.
1475 1753 1531 1794 gr.
1547 1741 1760 1780 strutsturam
1779 1740 1957 1781 machinae

1148 1798 1221 1848 Jam
1249 1797 1406 1836 extantis
1435 1797 1669 1853 assequimur.

1208 1859 1242 1901 §.
1269 1865 1335 1903 29.
1361 1856 1474 1897 Circa
1502 1857 1575 1896 hoc
1602 1857 1863 1898 definitionum
1893 1872 1956 1913 ge·

1148 1928 1217 1954 nus
1244 1914 1322 1954 duo
1340 1914 1605 1956 consideranda
1624 1913 1726 1958 sunt,
1753 1928 1956 1970 antequam

1149 1973 1197 2013 de
1216 1973 1359 2011 illarum
1384 1973 1618 2027 possibilitate
1644 1975 1809 2025 judicare
1834 1975 1919 2015 licet
1940 2005 1952 2017 ,

1148 2045 1281 2085 nempe
1312 2040 1365 2073 10.
1377 2044 1499 2072 utrum
1514 2047 1557 2072 ea
1575 2034 1730 2073 exista-nt
1747 2046 1811 2073 aut
1828 2034 1955 2084 eaiste-

1149 2104 1187 2130 re
1202 2089 1333 2144 poffint
1350 2119 1362 2138 2
1384 2104 1451 2130 nec
1469 2105 1515 2131 ne
1528 2121 1539 2138 2
1561 2106 1642 2146 quae
1661 2092 1709 2132 ad
1733 2092 1879 2146 genesin
1901 2093 1954 2132 rei

1148 2162 1369 2188 concurrere
1393 2148 1629 2194 afl‘umimus5
1654 2160 1815 2193 2⁰.num
1832 2151 1881 2191 ab
1910 2151 1954 2191 iis

1145 2204 1326 2261 proficisci
1353 2220 1494 2261 queant
1516 2238 1526 2250 ,
1556 2223 1639 2263 quae
1660 2210 1696 2248 in
1726 2208 1953 2250 formatione

1145 2266 1195 2305 rei
1214 2265 1343 2305 iisdem
1360 2266 1580 2306 tribuimus:
1604 2268 1642 2307 id
1669 2268 1775 2322 quod
1806 2282 1852 2312 ex
1878 2264 1951 2309 'na-

1144 2337 1227 2364 tura
1244 2322 1468 2364 definitionis
1489 2326 1594 2365 realis
1619 2327 1678 2377 (§.
1702 2334 1766 2370 18.
1782 2326 1799 2380 )
1818 2326 1949 2381 liquet.

1143 2385 1290 2423 Horum
1312 2397 1403 2423 vero
1419 2384 1676 2425 certitudinem
1686 2386 1745 2424 vel
1757 2386 1950 2440 experien-

1143 2442 1194 2482 tia
1212 2471 1224 2488 ,
1238 2441 1300 2482 vel
1310 2455 1461 2489 eorum,
1476 2457 1559 2497 quae
1578 2458 1644 2499 per
1666 2442 1950 2499 consequentias

1142 2501 1322 2557 legitimas
1329 2502 1402 2544 alio
1411 2513 1581 2559 tempore
1593 2502 1832 2551 deduximus,
1840 2504 1949 2603 flemi-

1814 2576 1838 2602 n
1866 2574 1946 2604 cem
