2101 2869
1018 0 1023 5 ·
1087 0 1212 21 ‚sy-›2-

422 163 1409 243 D'EDIGATIO.
1731 192 1826 232 vu

99 292 187 350 das
221 289 574 366 applicaverint.
653 289 779 342 Non
836 292 971 363 Opus
1020 287 1112 362 est,
1158 303 1214 341 ut
1256 288 1312 341 de
1357 292 1533 341 ALPH
1555 309 1586 342 o
1606 310 1676 342 Ns
1696 311 1728 343 o
1767 297 1827 345 X.

100 369 296 447 Castellae
334 389 392 422 ac
422 368 638 442 Legionis
667 369 785 441 Rege
806 406 819 424 ,
851 364 909 431 Εἴ
946 372 1398 432 ULUGffBx-:mno
1420 408 1430 423 ,
1463 372 1826 420 TAMERLANIS

102 439 304 506 MAGNI
345 459 499 520 nepote
517 484 530 503 ‚
582 445 883 520 Astronomiae
924 442 1312 519 instauratoribus
1331 483 1343 500 ‚
1402 443 1456 496 de
1501 449 1558 497 M
1574 466 1601 497 A
1621 465 1651 496 τ
1667 466 1747 497 Tu
1766 465 1781 497 1
1799 467 1829 498 A

103 525 358 600 Hungariae
402 526 518 598 Rege
551 522 854 575 inventorum
891 519 1331 575 mathematicorum
1371 522 1532 595 instgni
1574 542 1832 576 remunera-

101 619 227 661 tore,
283 601 338 655 de
377 606 578 654 FRIDE
600 619 751 653 R1co
805 604 868 653 11.
913 600 1088 654 Daniae
1132 596 1193 662 εἴ
1234 600 1499 673 Norwegiae
1535 602 1654 674 Rege
1690 614 1833 673 atque

104 686 148 735 R
165 699 203 736 U
219 701 252 733 D
270 699 302 732 0
320 699 383 732 LP
400 700 434 731 H
450 699 483 731 0
532 681 599 730 11.
643 679 919 750 Imperatore
958 683 999 732 T
1014 698 1045 731 Y
1061 698 1090 729 c
1105 699 1140 729 H
1160 697 1192 730 o
1212 699 1245 729 N
1265 699 1280 729 1
1295 700 1314 731 s
1359 675 1704 730 Mecaenatibus
1722 714 1736 733 ,
1782 676 1836 729 de

104 763 176 813 ΒΕ
192 777 269 810 RD
285 778 303 809 1
321 777 355 809 N
375 778 404 809 A
425 777 457 809 N
476 776 555 808 Do
575 796 588 813 ,
607 773 778 829 magno
799 756 1003 808 Etruria
1024 751 1447 811 Duca'GAmffl
1472 757 1757 810 Ρνοῐεὸῗονε,
1780 753 1835 808 de
1898 794 1901 795 γ

103 840 385 890 CAROLU
409 829 935 899 II.&LuDov1c:o
980 837 1125 886 XIV.
1142 830 1320 906 Angliae
1342 828 1833 905 &GalliaerRegibun

104 913 389 967 Societatum
402 911 714 963 Scientiarum
747 908 1059 965 conditoribus
1074 950 1086 968 ‚
1117 909 1171 962 de
1190 912 1333 962 Duce
1372 915 1406 962 B
1421 928 1459 964 U
1474 931 1504 961 R
1522 929 1552 961 G
1571 927 1610 964 U
1630 931 1662 962 N
1679 929 1712 961 D
1728 925 1744 960 1
1764 930 1805 961 ἢ,
1823 949 1836 967 ,

106 988 457 1046 Elementorum
498 989 760 1042 Geometriae
780 989 1024 1062 firi'ptore
1049 984 1108 1050 65
1137 986 1192 1040 de
1223 985 1438 1060 pluribus
1475 984 1585 1040 aliis
1604 1026 1615 1043 ‚
1649 986 1840 1039 Princi-

98 1065 238 1142 pibus
252 1065 469 1138 fiammis
507 1063 721 1119 dicamus
749 1090 764 1119 :
803 1069 963 1123 Eccur
998 1068 1125 1128 enim
1141 1078 1146 1082 “
1161 1062 1188 1115 ὲ·
1221 1062 1466 1140 longinquo
1499 1063 1697 1137 petenda
1722 1065 1841 1132 fient

107 1141 315 1217 exempla
334 1183 347 1202 ‚
389 1140 470 1197 ubi
506 1143 748 1217 domestica
778 1143 988 1219 prostant
1019 1153 1032 1197 ,²
1114 1146 1212 1197 Cur
1250 1142 1319 1195 ad
1354 1141 1539 1215 vetusta
1571 1157 1842 1215 provocan-

107 1222 224 1275 dum
242 1261 254 1280 ‚
290 1218 372 1273 ubi
404 1221 637 1294 prcfintia
682 1224 920 1276 intuemur
940 1227 967 1275 ,Ρ
1048 1222 1212 1292 Nemo
1244 1216 1446 1293 prosette)
1482 1221 1668 1294 ignorat
1689 1260 1701 1277 ‚
1744 1238 1843 1296 quae

109 1303 296 1356 W1LH
313 1319 339 1350 E
369 1319 398 1351 L
416 1320 455 1352 M
471 1316 511 1355 U
527 1320 547 1352 s
596 1303 694 1355 IV.
729 1301 898 1374 Haffi'ce
941 1299 1288 1373 Landgravius
1310 1297 1511 1370 sticceſju
1542 1295 1805 1371 filicqfflmo
1822 1334 1837 1355 ,

109 1395 201 1452 quo
240 1380 540 1434 TYCHONI,
582 1374 793 1431 Phoenici
831 1376 906 1430 illi
944 1377 1355 1452 Astronomorum‚
1370 1375 1534 1445 judice
1566 1380 1836 1434 HEVEmo,

102 1450 322 1527 palmam
353 1451 549 1507 dubiam
578 1455 780 1509 reddidit
799 1492 813 1513 ,
844 1454 1139 1527 Astronomiae
1162 1450 1219 1517 Εἴ
1249 1450 1541 1506 Methanicae
1571 1453 1841 1526 instauran-

111 1530 175 1584 dae
197 1526 365 1604 gratiei
400 1529 601 1604 Caffillis
641 1531 831 1586 molitus
860 1533 928 1606 est
948 1531 1085 1595 ‘³³⁴5‘Et
1114 1530 1233 1584 orbis
1266 1530 1513 1602 univerffts
1547 1531 1837 1591 admiratur,

112 1627 208 1684 qua
242 1609 468 1682 Magnus
495 1611 680 1664 Parens
713 1609 849 1664 Tuus
867 1650 878 1669 ‚
919 1615 964 1663 C
980 1633 1008 1663 A
1026 1632 1057 1663 R
1072 1630 1105 1663 o
1120 1631 1148 1662 L
1161 1611 1199 1663 U
1217 1631 1236 1662 s
1259 1649 1271 1667 ‚
1323 1610 1551 1681 Sapientis
1599 1626 1841 1684 cognomen

111 1684 259 1758 instar
291 1691 328 1739 A
345 1706 411 1739 LP
428 1708 461 1739 H
480 1708 512 1739 ο
531 1710 563 1740 N
581 1708 625 1740 s1
666 1688 848 1741 dudum
883 1689 1101 1746 meritus,
1144 1689 1196 1739 in
1230 1689 1357 1739 omni
1390 1683 1612 1758 lislathefi
1640 1708 1698 1740 ac
1721 1685 1840 1742 Phi-

113 1760 310 1836 losophia
345 1765 691 1837 experimentali
723 1765 931 1840 prastitit
967 1780 1110 1842 atque
1143 1763 1512 1837 munificentiam
1538 1778 1672 1816 tanto
1697 1767 1840 1819 Prin-

115 1842 207 1913 cipe
234 1839 428 1914 dignam
452 1842 722 1916 depraedicat
739 1884 751 1901 ‚
795 1864 894 1919 qua
932 1845 1082 1897 Artes
1111 1840 1500 1895 Mathematicus
1542 1840 1600 1903 Εἰ
1630 1843 1842 1897 Natura

114 1918 412 1991 cognitionem
457 1935 716 1993 promovet.
810 1922 891 1973 ‘Tu
916 1961 930 1979 ‚
990 1926 1097 1975 Pal
1118 1940 1197 1972 Nc
1216 1941 1240 1973 E
1262 1940 1319 1972 ps
1354 1925 1420 1971 SE
1440 1941 1470 1971 R
1490 1941 1513 1972 E
1536 1942 1570 1973 Ν
1590 1938 1754 1975 1SS1M
1775 1943 1799 1975 E
1823 1962 1837 1980 ‚

114 1995 200 2072 qui
242 1993 453 2049 omnibus
481 1997 744 2052 virtutibus
778 2000 947 2052 emines
963 2038 976 2056 ‚
1021 2019 1117 2076 quae
1144 1999 1350 2051 Heroe'm
1375 1999 1426 2050 in
1466 1995 1577 2051 bello
1606 2038 1618 2056 ‚
1656 2001 1841 2073 Regna-

115 2086 259 2127 torem
293 2074 345 2126 in
369 2088 486 2147 pace
530 2091 762 2130 exornant
781 2118 793 2136 ,
830 2074 973 2129 nullis
1000 2076 1278 2150 Principum
1307 2077 1359 2128 in
1395 2075 1605 2130 Scientiis
1643 2074 1843 2130 lvlathe-

116 2152 305 2204 maticis
361 2171 530 2227 magno
573 2154 849 2229 exstirnandis
876 2153 1127 2226 secundus.
1227 2155 1395 2230 Qare
1442 2149 1553 2206 cum
1607 2152 1844 2208 Elementa

115 2246 221 2281 mea
239 2225 511 2302 Mathfios
539 2233 762 2307 universa
799 2232 948 2286 multo
986 2234 1202 2286 aueiiora
1239 2248 1451 2308 novoque
1490 2228 1659 2285 habitu
1700 2231 1845 2286 indu-

8 2364 12 2368 ,
115 2319 171 2359 ta
191 2342 205 2363 ‚
246 2319 303 2359 ut
337 2308 470 2381 Opus
486 2307 636 2384 plane
671 2332 854 2367 novum
890 2311 1146 2386 existimari
1173 2306 1367 2363 debeant
1385 2349 1398 2368 ,
1443 2308 1588 2362 denuo
1615 2312 1667 2363 in
1697 2307 1846 2363 lucem

20 2386 26 2390 ’
108 2383 351 2459 profiram
367 2421 380 2442 ‚
422 2406 516 2463 quo
551 2390 650 2444 via·
669 2388 822 2463 plana
855 2389 925 2443 ad
953 2410 1133 2444 omnem
1176 2384 1402 2441 theoriam
1441 2384 1502 2450 εἴ
1533 2388 1713 2460 praxin
1738 2387 1845 2457 ster-

115 2463 249 2519 nitur
265 2504 280 2526 ,
323 2484 531 2546 ⁴veraque
568 2465 771 2528 methodi
807 2467 923 2544 leges
943 2509 956 2529 ‚
995 2467 1065 2524 ad
1097 2462 1317 2523 accurate
1355 2461 1413 2527 εἴ
1444 2463 1622 2520 utiliter
1636 2462 1845 2595 hpljgjffi-

367 2582 371 2585 ⁴
1600 2557 1636 2616 p
1667 2562 1698 2595 a
1763 2559 1847 2595 um
