2101 2869
260 170 440 232 eaput
501 169 601 211 DE
662 165 1084 209 N-'UMERAIS
1146 137 1620 207 iuvi-ieonis..
1758 180 1810 220 31³

90 281 169 309 tates
197 266 280 304 infra
307 267 429 307 lineam,
454 263 638 299 scribendae.
690 263 841 298 Decades
881 270 901 297 6

90 335 132 359 ex
162 332 176 364 5
214 317 330 358 auferri
357 323 546 362 nequeunt:
575 327 592 348 a
625 313 815 349 centenariis
846 313 904 347 ita-

91 384 156 419 que
178 381 200 410 4
227 365 386 403 auferatur
418 377 501 399 unus
529 369 563 399 δε
591 365 659 410 ejus
685 362 762 397 loco
790 364 904 397 decem

92 421 227 457 decades
252 413 424 453 decadibus
446 417 634 462 jungantur.
689 413 815 448 Ablatis
845 413 904 447 ita.

93 481 158 517 que
179 474 202 502 6
223 478 260 500 ex
281 465 339 504 iis,
370 474 537 499 remanent
560 476 579 505 9
612 464 748 498 decades
770 461 852 498 infra
870 461 905 496 li-

96 530 190 554 neam
215 515 290 550 loco
318 514 535 549 conveniente
564 515 732 561 poneudae.
787 515 906 547 Cente-

91 567 173 603 narii
201 577 218 599 2
243 576 281 599 ex
307 576 319 607 3
345 562 493 609 subducti
519 563 707 610 relinquunt
738 573 768 596 1.
795 562 905 596 Mille-

91 616 171 652 narii
202 627 216 659 5
242 626 281 649 ex
309 626 323 656 3
351 613 469 649 auferri
490 622 683 661 nequeunt:
712 613 730 646 ἐι
757 621 905 648 centena-

92 667 145 703 riis
169 665 278 712 itaque
297 662 556 699 millenariorum
587 676 607 705 4
630 661 792 697 auferatur
808 675 904 699 unus,

92 716 151 764 qui
172 715 204 749 in
233 715 343 748 locum
373 727 514 748 vacuum
541 713 661 748 delatus
690 711 844 759 cyphram
873 713 905 746 in

92 768 205 801 decem
220 764 354 798 decades
376 763 630 799 millenariorum
656 771 772 797 vertet.
821 762 906 796 ·1nde

94 815 117 850 si
141 827 156 849 1
179 815 332 849 decadem
348 814 382 848 in
398 813 508 848 locum
531 812 785 847 millenariorum
808 822 908 846 trans.

92 865 199 902 feras,
233 863 368 898 habebis
400 864 452 897 hie
486 875 523 904 13
555 862 780 898 millenarios,
811 860 858 895 ibi
885 873 905 901 9

95 915 230 949 decades
241 912 506 948 millenariorum.
517 912 693 948 Subduetis
705 914 767 958 jam
780 921 794 954 5
814 923 848 945 ex
859 922 907 952 ις,

96 963 212 998 residui
240 961 323 1004 fiunt
349 962 518 998 millenarii
542 967 574 1000 8·
616 962 746 996 Demtis
765 971 868 1007 porro
887 967 908 995 6

95 1012 349 1048 millenariorum
374 1013 546 1048 decadibus
568 1024 607 1046 ex
639 1025 660 1056 9
676 1039 686 1051 ,
723 1009 909 1058 relinquun-

97 1072 162 1108 tur*
178 1074 208 1104 3.
263 1065 337 1102 Jam
362 1062 384 1096 ss
407 1066 425 1098 8
452 1075 490 1097 ex
524 1074 536 1104 3
573 1061 759 1097 subtrahere
785 1061 882 1095 debes
898 1084 909 1099 ,

97 1112 139 1147 ab
166 1116 183 1149 8
213 1111 458 1149 sinisterioribus
485 1120 651 1147 mutuetur
668 1113 793 1147 unitas,
818 1113 910 1157 cujus

96 1161 257 1196 beneficio
283 1163 353 1196 dua²
375 1162 502 1208 cyphrae
521 1163 555 1196 in
581 1172 600 1202 9
629 1166 663 1196 &
688 1174 701 1203 3
729 1162 762 1196 in
788 1171 826 1202 13
855 1162 910 1196 de-

97 1210 319 1260 generabant,
347 1221 382 1246 ut
401 1213 530 1247 tandem
562 1210 737 1246 subtraaio
757 1208 909 1246 facillime

98 1260 295 1297 absolvatur.

229 1314 769 1354 DEMONSTRATIO.

150 1372 348 1411 Numerus
375 1370 546 1411 inventus
571 1371 721 1425 prodit,
746 1370 772 1410 fi
792 1372 909 1411 unita-

96 1440 152 1468 tes
171 1457 182 1475 ,
211 1428 391 1472 decades,
414 1431 644 1470 centenarios
670 1433 742 1470 ἃς.
766 1429 909 1470 numeri

98 1487 247 1527 minoris
269 1501 314 1527 ex
336 1488 556 1536 unitatibus,
575 1488 803 1536 decadibus,
825 1502 910 1529 cen-

98 1546 246 1585 tenariis
261 1549 333 1586 &c.
355 1546 503 1598 majoris
516 1545 718 1594 subducas,
736 1554 781 1588 vi
794 1562 911 1603 opera·

97 1608 209 1644 tionis
222 1633 234 1651 ,
250 1604 324 1645 hoc
341 1605 406 1652 est,
425 1604 451 1645 fi
467 1605 624 1660 lingulas
641 1618 765 1661 partes
782 1620 910 1646 nume-

98 1662 130 1704 ri
154 1664 306 1703 minoris
334 1662 356 1704 a
383 1663 532 1718 fingulis
566 1665 733 1719 partibus
760 1665 910 1716 majoris

99 1718 286 1761 subtrahas
306 1725 368 1771 (§.
393 1722 482 1774 50).
531 1724 605 1764 Sed
622 1723 769 1778 fingulae
786 1736 909 1779 partes

100 1780 242 1819 numeri
271 1781 423 1822 minoris
451 1781 555 1821 simul
580 1780 704 1822 sumtae
730 1781 812 1823 sunt
845 1797 912 1822 nu-

100 1851 204 1878 mero
220 1839 377 1886 minori,
400 1842 438 1881 &
455 1852 577 1895 partes
594 1840 742 1896 fingulae
761 1842 911 1894 majoris

99 1895 203 1936 fimul
216 1895 343 1937 sumtae
358 1896 437 1939 sunt
454 1900 588 1951 majori
597 1901 755 1955 aequales
764 1901 847 1954 (§.8
855 1899 910 1952 6).

98 1956 201 2009 Ergo
219 1956 316 1996 idem
329 1957 492 2012 ,relinqui
518 1958 635 1999 debet
659 1972 834 2000 numerus
854 1969 868 2007 ’,
888 1959 914 1999 si

96 2025 221 2053 vtotum
238 2028 434 2056 numerum
452 2017 636 2058 minorem
649 2032 670 2058 e
689 2030 773 2058 toto
797 2018 914 2069 majo-

102 2083 141 2111 re
160 2069 350 2114 subtrahas
375 2074 437 2127 (ς.
455 2086 506 2124 91
523 2075 552 2128 ).
585 2077 636 2130 Q
650 2094 680 2117 e.
696 2079 732 2117 d.

284 2135 309 2173 S
331 2145 354 2172 c
377 2145 403 2172 H
424 2146 453 2174 o
477 2146 500 2174 L
524 2146 535 2174 1
564 2147 591 2174 O
617 2146 645 2174 N
695 2137 725 2175 Ι.

107 2238 114 2245 ·
155 2199 235 2245 ι-ο4.
277 2193 309 2226 Si
335 2196 454 2228 numeri
480 2193 674 2239 heterogenei
696 2192 825 2238 fuerint
849 2207 867 2228 a
886 2193 917 2238 sb

101 2250 237 2274 znvtcem
265 2240 467 2285 fiabtrahendae
482 2260 494 2284 ‚·
529 2247 634 2280 unitas
668 2255 777 2280 mutuo
810 2247 917 2291 petita

98 2299 160 2323 mn
184 2299 247 2325 10,
270 2289 325 2332 fitd
348 2298 398 2326 tot
423 2294 561 2329 unitates
578 2297 690 2331 valet,
719 2302 795 2341 quot
811 2295 915 2329 unita-

100 2345 148 2394 tes
167 2337 282 2385 speciei
301 2341 434 2376 minoris
449 2345 638 2391 constituunt
658 2343 798 2380 valorem
815 2347 918 2379 unita-

99 2393 146 2422 tes
158 2389 268 2433 Jpecici
288 2389 430 2434 majoris.

152 2437 189 2473 E.
215 2450 264 2486 gr.
303 2451 366 2483 45.
395 2439 473 2477 thal.
512 2449 568 2478 16.
593 2455 643 2492 gr.
672 2450 705 2479 6.
730 2455 822 2480 num.

303 2500 346 2529 27
508 2504 547 2535 23
669 2505 688 2535 9

253 2547 879 2563 ————--——.—.—————

305 2587 348 2617 17
393 2577 470 2616 thal.
510 2586 554 2615 16
593 2594 642 2629 gr.
670 2593 690 2622 9
730 2593 823 2617 num.

995 266 1164 302 Nimirum
1186 275 1256 298 cum
1292 275 1310 303 9
1342 266 1461 297 nummi
1482 272 1523 298 cx
1550 269 1572 296 6
1590 261 1732 304 subtrahi
1756 271 1807 300 nc·-

997 325 1134 364 queam,
1158 325 1199 348 ex
1217 320 1261 347 16
1274 312 1382 359 groffis
1394 324 1473 347 unus
1490 314 1695 348 convertitur
1715 317 1745 348 in
1766 326 1805 348 12

996 377 1140 401 nummos
1158 387 1168 401 ‚
1197 372 1234 398 ut
1257 363 1319 398 loco
1350 367 1371 396 6
1409 361 1588 398 habeantur
1624 365 1681 399 18.
1731 363 1810 398 Sub.

996 416 1098 452 dutus
1126 416 1204 449 adeo
1235 425 1254 454 9
1292 414 1430 448 nummis
1456 424 1497 448 ex
1531 416 1572 449 18
1590 438 1600 451 ,
1628 413 1811 461 relinquam

997 476 1052 501 tur
1084 477 1117 506 9.
1171 464 1328 499 Similiter
1364 473 1436 498 cum
1479 473 1518 504 23
1550 461 1645 508 groffi
1671 474 1712 497 ex
1740 463 1811 512 refi-

997 518 1068 551 dms
1100 525 1139 557 15
1169 514 1292 559 auferri
1324 522 1506 559 nequeant,
1543 524 1585 547 ex
1610 522 1652 555 45
1680 512 1810 549 thaleris

998 579 1076 601 unus
1095 564 1221 599 ablatus
1239 565 1273 599 in
1297 575 1343 603 24
1358 561 1475 609 groffos
1490 564 1708 597 convertitur:
1731 565 1812 597 unde

991 617 1018 660 si
1034 614 1266 659 subtrahantur
1284 625 1348 653 23,
1375 612 1511 657 residuus
1528 610 1568 652 est
1589 623 1603 646 1
1629 607 1747 658 grossus
1767 622 1806 654 15

996 666 1172 701 addendus,
1196 672 1234 697 ut
1255 662 1370 706 residui
1389 664 1453 697 loco
1473 671 1633 708 ponantur
1653 668 1695 696 16
1707 661 1812 707 groffi.

998 718 1147 762 Denique
1193 724 1236 752 27
1273 713 1391 747 thaleri
1427 726 1447 746 a
1488 723 1537 753 44
1576 710 1679 747 ablati
1719 712 1815 747 relin-

996 774 1099 813 quunt
1119 775 1173 798 17.

1117 816 1142 854 S
1176 825 1200 852 c
1237 824 1263 851 H
1296 826 1322 851 o
1356 822 1380 850 L
1421 825 1434 855 1
1473 826 1498 852 o
1531 822 1563 852 N
1628 812 1700 852 ΙΙ.

1053 883 1135 917 105.
1163 869 1288 919 Qodfi
1309 882 1454 906 numerus
1467 869 1571 915 major
1585 872 1733 905 eminore
1745 868 1814 911 sub-

998 923 1084 959 trahi
1103 921 1261 967 jubeatur
1277 944 1286 961 ‚
1303 922 1433 956 evidens
1455 919 1497 962 est
1512 923 1546 956 id
1557 918 1638 965 fieri
1649 932 1710 956 non
1719 919 1814 967 posse.

1001 973 1212 1009 Subtrahitur
1229 973 1338 1018 itaque
1362 972 1466 1006 minor
1490 983 1507 1006 e
1527 969 1671 1014 majore,
1693 971 1737 1005 (φ
1765 972 1816 1004 cle-

997 1023 1103 1068 feft'us
1131 1030 1264 1058 notatur
1285 1021 1371 1067 figno
1460 1047 1468 1056 .
1498 1025 1538 1058 E.
1561 1032 1613 1069 gr.
1641 1022 1676 1055 Si
1692 1022 1763 1066 quis
1795 1023 1812 1056 8

1001 1074 1140 1110 thaleros
1160 1072 1284 1116 fhlvere
1310 1070 1425 1114 debet,
1450 1080 1546 1117 atque
1571 1082 1584 1112 3
1618 1069 1735 1116 nonnisi
1748 1069 1815 1115 pof-

995 1123 1101 1169 fidet:
1139 1120 1243 1157 tribus
1267 1120 1404 1164 solutis,
1437 1132 1449 1164 5
1485 1121 1586 1157 adhuc
1623 1120 1738 1162 debet,
1762 1119 1818 1164 qui

998 1182 1168 1222 per--5
1199 1173 1428 1216 indignantur.

1151 1223 1550 1262 PROBLEMA
1615 1222 1665 1260 V.

1066 1289 1156 1326 106.
1196 1280 1431 1321 Examinare
1455 1280 1766 1334 staebtrafz‘imems

1159 1340 1659 1380 Res01.uT10.

1052 1398 1212 1440 Residuo
1223 1397 1385 1438 addatur
1393 1396 1662 1438 subtrahendus
1671 1396 1754 1451 (§.9
1761 1400 1817 1446 6);

999 1458 1145 1515 Qodfi
1165 1458 1263 1497 enim
1296 1455 1436 1497 summa
1453 1456 1564 1497 fuerit
1580 1455 1732 1510 aequalis
1755 1456 1818 1494 mi>-

1000 1517 1167 1560 nuend05
1185 1513 1387 1556 subtractio
1400 1516 1468 1556 rite
1486 1517 1634 1570 peracta
1649 1517 1709 1562 (§.
1722 1522 1778 1560 64
1791 1518 1818 1563 )r

998 1579 1033 1612 Ε.
1053 1589 1102 1626 gr.
1146 1588 1164 1617 9
1184 1578 1201 1610 8
1224 1589 1244 1608 o
1262 1589 1282 1609 0
1301 1587 1323 1616 4
1345 1588 1365 1608 ο
1387 1586 1399 1616 3
1418 1587 1440 1616 4
1458 1586 1472 1618 ς
1493 1586 1512 1614 9
1568 1574 1781 1608 Minuendus.

1144 1640 1167 1667 4
1185 1635 1204 1664 7
1224 1638 1246 1666 4
1266 1637 1278 1667 3
1302 1629 1320 1662 8
1340 1631 1361 1658 6
1382 1636 1395 1669 5
1420 1637 1437 1659 2
1458 1631 1479 1658 6
1498 1622 1780 1757 3}Subtr.1hend.

1128 1686 1516 1695 —-—u-—.--.—-——-.—-

1155 1716 1519 1756 5056538196

1151 1805 1521 1842 9800403459

1246 1850 1584 1890 ALITER.

1065 1910 1259 1967 Quoniam
1293 1909 1330 1949 in
1358 1908 1609 1949 subtractione
1639 1906 1823 1949 residuum
1849 1956 1856 1959 ⁷

1007 1985 1093 2011 cum
1128 1967 1382 2009 subtrahendo
1412 1979 1578 2022 sequatur
1619 1966 1825 2007 minuendo

1005 2034 1059 2084 (ᾗ.
1076 2027 1162 2079 64).
1191 2028 1230 2069 Si
1248 2027 1469 2081 minumidus
1488 2024 1653 2066 sumatur
1669 2039 1742 2080 pro
1761 2038 1826 2077 ag-

1008 2098 1167 2143 gregato
1186 2116 1197 2134 ³
1229 2085 1415 2126 refiduum
1446 2099 1532 2126 cum
1572 2082 1826 2125 subtrahendo

1007 2161 1078 2202 pro
1101 2144 1350 2201 aggregandis
1369 2147 1429 2192 (§.
1458 2143 1551 2198 61);
1577 2157 1734 2184 examen
1759 2153 1825 2195 per

1008 2205 1253 2246 novenarium
1290 2201 1463 2244 succedet
1488 2215 1528 2243 ut
1562 2203 1599 2243 in
1633 2200 1827 2242 additione

1010 2268 1073 2315 (S,
1091 2267 1209 2314 101).

1151 2325 1181 2363 P
1204 2335 1229 2363 R
1249 2336 1275 2362 o
1297 2333 1318 2360 B
1344 2333 1369 2361 L
1403 2332 1423 2360 E
1448 2331 1479 2359 M
1502 2333 1528 2359 A
1590 2320 1630 2358 V
1646 2320 1675 2360 Ι.

1017 2393 1109 2435 107.
1143 2381 1375 2423 Examinare
1402 2381 1625 2421 additionem
1649 2392 1717 2434 per
1741 2376 1825 2431 sttba

1069 2445 1296 2482 trac7ionem.

1018 2513 1050 2544 1.
1072 2498 1344 2543 Describantur
1360 2499 1397 2540 in
1414 2497 1589 2539 continua
1608 2492 1693 2534 serie
1705 2490 1828 2589 multll-

1766 2563 1790 2605 p
1805 2561 1828 2589 a

1568 1709 1763 1747 Differentia
