2101 2869
271 189 326 230 30
480 171 1748 217 'ELEMENTA-ARITHMETICAE.

326 272 397 314 ties
419 271 499 314 fieri
525 273 646 328 potest
668 301 678 319 ‚
712 275 750 312 ὃς
768 285 942 312 numerus
966 284 1080 312 nove-

328 332 517 373 nariorum
543 332 775 384 abjectorum
806 344 878 370 una
902 344 986 369 cum
1017 344 1081 369 uu-

331 404 438 432 mero
462 389 607 431 residuo
622 419 631 436 ,
656 388 680 428 fi
695 390 778 442 quiS
801 388 911 431 fuerit
923 417 935 436 ,
955 388 1083 429 denuo

330 461 497 490 notetur.

273 507 418 576 Qodfi
448 509 546 548 enim
589 519 743 559 uterque
786 505 894 545 luerit
935 504 1084 560 aequalis

275 569 425 622 utrique
455 576 728 620 ante1·eperto‚·
765 578 940 605 numerus
959 565 1085 604 inven-

275 638 333 666 tus
364 637 531 679 aequatur
550 624 724 664 omnibus
747 622 842 664 datis
873 621 976 663 simul
993 621 1086 663 lum-

275 684 322 725 tis
356 683 417 733 (ὅ.
440 695 489 731 91
510 683 547 734 ),
569 679 839 736 consequenter
859 682 1003 722 additio
1019 682 1086 721 rite

276 744 425 798 peraeta
455 744 516 796 (§.
527 747 626 787 61.)
666 741 707 779 ()
724 758 752 781 e.
767 746 794 781 i.
812 740 909 785 &ch

328 802 365 835 E.
394 813 442 848 gr.
466 802 497 835 in
516 799 663 847 exemplo
681 798 915 855 problematis
908 809 989 834 mter
1006 799 1088 835 sum-

279 850 433 886 mandum
453 862 465 891 3
486 849 656 884 novenarii
681 850 877 884 omittuntur
893 852 928 887 &
953 862 990 884 ex
1005 848 1088 884 sum-

280 914 330 935 ma
359 909 485 947 reperta
509 912 590 934 unus
618 899 723 933 adhuc
738 898 836 934 deleri
862 899 992 944 potest:
1020 913 1087 957 quo

279 950 391 987 facto,
421 948 646 996 relinquuntur
675 961 711 1005 7.
745 950 807 982 Sed
837 947 858 982 fi
880 961 916 983 ex
946 952 1089 985 numeris

280 999 472 1034 summandis
489 1011 510 1041 4
528 999 695 1033 novenarii
728 998 938 1044 abjiciantur,
963 1011 982 1039 7
1009 999 1089 1033 limi-

281 1050 350 1084 litet
378 1049 617 1095 relinquuntur.
662 1051 776 1095 Qare
808 1049 928 1083 additio
949 1049 1009 1084 tite
1036 1062 1090 1096 pe-

282 1100 380 1134 rach.

464 1150 488 1188 S
523 1161 546 1187 c
584 1160 608 1187 u
641 1162 666 1189 o
699 1160 723 1188 L
764 1161 777 1192 1
815 1162 840 1189 o
871 1160 915 1188 N.

333 1220 413 1243 102.
454 1206 633 1246 Discrimen
674 1209 760 1242 inter
798 1206 1091 1248 demonstrationem

282 1258 324 1293 (Γ
347 1269 477 1292 examen
500 1257 584 1291 haud
604 1255 764 1300 obscurum
783 1256 836 1297 esl-
894 1258 957 1292 Illa
972 1261 1092 1293 evincit

280 1317 340 1353 per
364 1306 484 1352 regulas
511 1305 705 1352 praescriptas
730 1309 872 1343 inveniri
898 1307 1009 1343 debere
1034 1321 1090 1343 nu-

283 1368 404 1392 merum
430 1355 612 1403 qtiaefitwm
632 1357 690 1391 hoc
715 1359 804 1391 docet
820 1381 829 1394 ‚
852 1358 973 1403 regulas
990 1361 1029 1392 ad
1042 1371 1091 1393 ca-

278 1406 347 1449 sum
369 1405 561 1452 singularem
584 1408 646 1440 rite
669 1404 762 1450 fuisse
780 1407 964 1452 applicatas.
1003 1410 1091 1443 Unde

283 1469 301 1490 a
320 1465 416 1502 paret
444 1456 598 1490 examinis
623 1456 748 1491 utilitas
765 1483 774 1495 ‚
802 1455 924 1503 frustra
949 1456 1092 1493 obniten-

283 1514 315 1540 te
332 1506 439 1538 Ramo
460 1507 522 1545 (a),
549 1508 602 1552 qni
627 1505 918 1546 demonstrationem
933 1519 1003 1542 cum
1016 1519 1091 1543 exa-

285 1557 368 1590 mine
388 1553 564 1599 confundit.
619 1555 718 1601 Vulgo
743 1558 952 1602 praecipiunt,
974 1566 1010 1591 ut
1022 1568 1090 1593 tam

279 1616 326 1639 ex
346 1604 491 1646 summa,
524 1615 619 1650 quam
647 1608 880 1652 aggregandis,
921 1609 1002 1642 notis
1029 1608 1092 1653 fin-

279 1654 366 1700 gulis
386 1652 483 1694 instar
508 1655 681 1699 digitorum
709 1655 912 1700 consideratis
927 1680 937 1694 ‚
960 1656 1091 1702 abjicia-

285 1712 337 1739 tur
378 1706 596 1742 novenarius,
633 1706 675 1740 δ’·
709 1718 751 1740 ex
781 1706 896 1750 residui
922 1707 1093 1743 identitate

286 1755 478 1800 operationis
513 1752 687 1790 bonitatem
723 1756 882 1800 colligant.
943 1758 998 1792 Sed
1025 1771 1094 1793 cum

287 1815 417 1838 exzmen
447 1812 515 1838 tum
546 1802 660 1848 f'zllere
689 1805 761 1852 P⁰ff
763 1815 802 1844 c
844 1808 966 1853 quzndo
1004 1819 1095 1843 error

284 1854 493 1888 novenarium
524 1854 578 1888 vel
611 1854 678 1898 ejus
712 1855 892 1913 ninltiplum
926 1859 1067 1903 adaequat
1085 1881 1096 1896 ,

289 1904 356 1939 ideo
378 1903 464 1948 aliqu
467 1902 604 1949 tntisper
625 1905 707 1939 idem
731 1907 926 1947 immutavi,
957 1915 994 1941 ut
1017 1908 1096 1943 hunc

290 1962 410 1999 quoqne
441 1952 622 1988 excluderet
654 1966 805 1990 errorem.
859 1958 1005 1991 Ceterum
1037 1970 1097 1992 non

283 2002 422 2037 inutilia
440 2001 514 2045 fimi
535 2005 700 2043 examina,
723 2003 779 2048 etsi
807 2017 867 2040 non
892 2018 997 2041 omnes
1012 2019 1098 2041 erro-

290 2062 341 2086 res
350 2053 516 2096 detegant,
542 2055 630 2087 modo
648 2052 753 2096 iisdem
761 2049 821 2098 sesi>
834 2067 895 2090 non
908 2055 1096 2099 subducant,

292 2102 349 2148 qui
369 2098 574 2148 frequentius
597 2104 825 2139 admittuntur.

457 2151 486 2189 P
507 2162 532 2190 R
551 2165 576 2192 o
596 2163 616 2190 Β
636 2163 661 2191 L
682 2164 702 2192 E
724 2165 754 2192 M
778 2166 801 2192 A
850 2156 933 2197 IV.

359 2219 451 2258 103.
480 2205 686 2251 Numerum
716 2218 888 2254 minorem
926 2229 944 2255 e
968 2220 1102 2268 majore

281 2267 508 2321 fitbtrahere.

441 2328 474 2367 R
509 2338 530 2366 ε
569 2339 585 2366 s
618 2341 644 2367 o
676 2339 701 2367 L
734 2342 761 2369 υ
795 2341 821 2368 τ
860 2342 875 2373 1
912 2343 954 2371 o.

302 2395 335 2426 Ι.
366 2386 558 2426 Numerus
578 2386 699 2426 minor
716 2401 759 2428 ea
778 2388 859 2441 lege
872 2389 1004 2441 maj0ri
1022 2388 1103 2431 sub

356 2440 550 2493 scribatur,
562 2455 603 2485 ut
616 2443 844 2501 homogenei
859 2447 1104 2504 homogeneis

331 2540 428 2577 (⁴)1n
439 2542 538 2578 Schvl.
553 2545 761 2579 Mathem.1ib.
778 2556 805 2585 4.
823 2557 851 2588 p¹
869 2556 932 2587 114.

1228 265 1497 323 respondeant,
1526 269 1847 323 quemadmodum
1870 271 1907 312 iu
1918 270 1984 312 ad·-

1228 327 1371 367 ditione
1387 328 1624 382 praecepimus
1641 332 1701 384 (§.
1723 335 1818 380 96).

1175 395 1213 429 2.
1244 386 1324 426 Sub
1357 386 1517 426 numeris
1552 385 1649 427 hisce
1690 387 1849 430 ducatui·
1887 387 1984 431 linea

1234 447 1343 484 tedia.

1178 514 1214 553 3.
1247 503 1518 545 Subtrahautur
1546 502 1729 557 sigillatim
1756 506 1915 545 unitates
1934 506 1984 545 ab

1234 562 1455 610 unitatibus,
1496 561 1654 602 decades
1691 576 1714 603 a
1751 563 1983 605 decadibus.

1236 622 1435 661 centenarii
1461 634 1483 659 a
1517 621 1732 661 centenariis
1750 624 1822 662 ἃς.
1845 625 1883 662 &
1909 620 1987 662 refi-

1235 678 1312 719 dua
1340 679 1480 734 singula
1507 678 1596 718 loco
1622 681 1866 720 conveniente
1893 679 1986 720 infra

1237 737 1371 777 lineam
1391 736 1615 784 scribantur,
1650 752 1785 792 nempe
1804 737 1988 779 refiduum

1238 796 1419 836 unitatum
1444 794 1509 835 sub
1532 796 1732 836 unitatibus
1751 826 1765 844 ‚
1801 797 1988 838 decadum

1240 852 1306 894 sub
1340 855 1546 896 decadibus
1578 858 1650 894 ἅτ.

1182 925 1219 959 4.
1247 913 1365 967 Quod
1393 912 1417 953 fi
1452 926 1542 953 nota
1569 914 1687 964 major
1713 926 1734 952 e
1760 915 1907 954 minore
1927 927 1992 954 ve·

1240 972 1315 1011 niat
1332 969 1600 1018 subtrahenda,
1627 984 1677 1012 ex
1698 971 1913 1012 sinisteriore
1938 971 1990 1012 lo<

1239 1045 1286 1070 co
1307 1030 1344 1070 in
1369 1030 1619 1070 dexteriorem
1655 1035 1894 1071 transferatur
1914 1031 1991 1070 uni-

1241 1101 1295 1129 tas
1311 1118 1322 1135 ,
1346 1103 1428 1143 quae
1451 1092 1513 1139 (§.
1533 1088 1612 1140 50)
1629 1088 1687 1128 hic
1709 1101 1759 1131 10
1776 1089 1931 1135 valebit,
1950 1101 1990 1129 ut

1240 1145 1440 1187 subtrafflo
1481 1147 1559 1187 fieri
1599 1159 1726 1201 queat.
1797 1149 1989 1187 Numerus

1240 1221 1333 1246 vero
1354 1207 1491 1246 unitate
1509 1205 1704 1245 muletatus
1724 1208 1862 1259 pundto
1885 1217 1991 1245 note-

1241 1277 1323 1311 tur,
1354 1278 1401 1304 ne
1431 1264 1548 1318 ipsum
1567 1264 1783 1304 mulctatum
1808 1263 1878 1305 effe
1897 1264 1993 1304 obli-

1241 1321 1432 1363 viscamur.

1190 1394 1223 1434 ς.
1248 1383 1286 1422 Si
1314 1383 1349 1422 in
1376 1381 1464 1421 loco
1492 1379 1706 1421 finisteriore
1737 1377 1916 1435 cyphram
1938 1395 1987 1421 rea

1242 1441 1351 1495 periri
1377 1440 1594 1492 contingat,
1629 1440 1746 1479 unitas
1779 1453 1800 1479 a
1836 1453 1992 1480 numero

1241 1500 1411 1555 proxime
1429 1496 1604 1551 sequente
1621 1510 1809 1538 mutuetur
1822 1526 1832 1544 ,
1854 1499 1993 1552 puncto

1241 1572 1334 1612 pro}
1328 1569 1438 1596 terea
1478 1556 1671 1603 notando,
1703 1568 1742 1595 ut
1775 1553 1890 1610 ipsum
1918 1557 1995 1595 uni-

1240 1628 1316 1656 tate
1346 1616 1527 1654 minutum
1558 1612 1628 1654 effe
1651 1615 1805 1654 constet.
1858 1615 1991 1654 Unitas

1241 1688 1334 1714 vero
1352 1674 1412 1714 illa
1423 1675 1458 1713 in
1473 1674 1597 1713 locum
1609 1672 1861 1712 dexteriorem
1878 1684 1992 1713 trans-

1243 1734 1293 1774 lat
1295 1747 1317 1772 a
1333 1731 1483 1772 decadis
1493 1732 1658 1771 valorem
1668 1731 1830 1771 tuebitur
1845 1734 1896 1779 (§.
1907 1730 1987 1783 50).

1244 1792 1505 1852 Qamobrem
1532 1790 1597 1829 ubi
1619 1790 1741 1844 plures
1770 1789 1917 1843 cyphrae
1942 1789 1991 1830 se-

1244 1849 1281 1891 se
1311 1847 1569 1903 insequuntur,
1601 1862 1729 1888 omnes
1755 1848 1824 1888 hac
1850 1849 1993 1890 ratione

1245 1910 1281 1949 in
1308 1907 1529 1948 novenarios
1560 1918 1768 1953 mutentur,
1800 1910 1839 1947 ὃς
1867 1919 1994 1947 nume-

1247 1981 1306 2007 rus
1342 1967 1490 2012 minor,
1529 1979 1551 2004 a
1575 1979 1654 2019 quo
1689 1963 1886 2006 subtradio
1919 1964 1995 2007 fieri

1247 2026 1364 2065 debet
1374 2053 1384 2071 ,
1398 2024 1542 2064 decade
1557 2036 1750 2078 augeatur.

1188 2087 1301 2139 Juxta
1327 2084 1391 2123 has
1411 2082 1553 2136 regulas
1572 2095 1766 2123 numerum
1797 2096 1998 2137 quemcuu⁴³

1191 2157 1264 2197 que
1292 2156 1339 2182 ex
1359 2141 1433 2181 alio
1456 2154 1686 2196 quocunque
1704 2142 1845 2194 majore
1859 2139 2000 2191 subtraff

1190 2203 1279 2242 here
1305 2200 1402 2239 licet.
1433 2231 1439 2237 .

1241 2261 1275 2293 E.
1305 2271 1353 2306 gr.
1403 2257 1435 2291 Si
1464 2270 1500 2292 ex
1534 2263 1844 2298 98.o.0.4.0.34.
1859 2269 1900 2301 59

1243 2306 1407 2344 subtrahas
1536 2311 1897 2351 4743865263

1459 2381 1534 2388 -—..
1541 2381 2003 2391 —-—-—--—-———-=

1244 2423 1436 2462 Differentia
1457 2427 1501 2461 est
1542 2438 1598 2470 50
1620 2438 1634 2471 5
1655 2434 1709 2472 65
1733 2440 1746 2469 3
1770 2431 1787 2464 8
1809 2439 1821 2462 1
1845 2440 1864 2469 9
1882 2435 1904 2463 6

1196 2476 1325 2512 Demtis
1347 2475 1433 2510 enim
1457 2487 1470 2519 3
1491 2489 1527 2511 ex
1545 2490 1586 2523 9,
1616 2476 1841 2524 relinquuntur
1875 2485 1898 2513 6
1933 2477 2003 2511 unia

1924 2534 2002 2562 tates
