2101 2869
405 126 715 171 BREVIS
777 123 1496 170 COMMENTATIO.
1603 184 1614 190 ι
1778 145 1826 184 13

128 228 252 271 tiones
279 226 456 268 identicas
474 223 726 280 perveniatur.
789 222 878 265 Sine
897 236 949 263 ra·
973 225 978 258 Ι
1004 236 1048 263 ac
1066 223 1341 264 characteribus
1371 222 1409 262 in
1429 222 1692 266 ratiocinando
1722 227 1825 277 juva-

129 289 235 328 tione
262 287 386 340 itaque
402 297 479 324 non
509 281 758 323 admittuntur
782 280 847 321 nifi
864 295 949 337 pro-

130 346 327 400 positiones
347 342 515 383 identicae
543 354 588 380 ac
612 340 849 394 experientiae
875 340 947 380 cla-

131 418 179 444 rae
190 433 199 446 ‚
216 404 250 442 in
261 401 395 455 quibus
413 400 584 440 notiones
594 399 720 453 primae
730 399 944 440 fundantur.

130 461 292 513 Reliquae
307 458 582 514 propositiones
612 472 742 498 omnes
767 456 847 497 sunt
879 457 945 497 de-

127 518 383 559 monstrandae.
423 516 632 557 Ostendant
648 517 762 571 igitur
772 514 945 556 adversa-

125 578 167 616 rii
186 576 376 617 Euclia'em
395 588 460 616 aut
471 577 719 616 Geometram
732 575 845 615 alium
857 588 943 629 pro-

122 633 321 690 positiones
342 634 522 675 identicas
550 637 590 674 &
615 634 789 674 notiones
808 633 844 673 in
879 647 942 674 ex-

122 693 308 747 perientiis
327 693 431 733 claris
463 692 637 733 fundatas
662 689 938 733 demonstrasse.

122 751 316 807 Qamdiu
349 766 441 792 vero
479 749 688 803 hujusmodi
723 751 938 805 exemplum

120 810 265 851 nullum
282 810 319 851 in
337 811 501 851 medium
516 809 647 851 afferre
664 811 809 853 valent5
833 812 938 850 Geo-

119 880 255 909 metras
290 869 560 924 reprehendere
582 867 749 910 desinant
773 898 786 916 ,
829 869 936 923 quod

1001 296 1100 322 mur.

1060 344 1096 385 §.
1126 351 1190 391 57.
1224 339 1418 393 Qoniam
1448 338 1559 395 igitur
1582 341 1686 396 rIgor
1705 343 1742 384 in
1761 345 1823 386 de<

1001 398 1245 438 monstrando
1280 398 1380 439 laudi
1414 398 1564 439 ducitur
1605 404 1822 444 Geomerris

1000 459 1016 509 (
1036 461 1070 502 §.
1097 464 1161 508 56.
1177 457 1215 510 );
1240 471 1308 497 nec
1325 458 1422 498 ordo
1449 458 1530 509 jure
1544 470 1694 500 taxatur
1709 490 1720 507 ,
1741 475 1821 516 quo

998 515 1073 556 fine
1095 516 1133 555 in
1163 515 1458 557 demonstrando
1474 519 1638 558 accurati
1657 517 1728 560 effe
1758 534 1821 561 ne-

998 575 1161 629 quimus.
1223 576 1282 616 Eo
1317 575 1491 615 nimirum
1520 577 1655 618 ordine
1679 577 1821 633 fingula

997 633 1246 688 proponenda
1264 631 1349 673 sunt
1364 663 1375 676 ‚
1409 647 1490 688 quo
1504 648 1620 676 unum
1633 650 1681 677 ex
1699 637 1821 680 altero

997 691 1139 733 facilius
1169 692 1340 734 infertur.
1404 695 1534 747 Qare
1554 709 1639 736 cum
1659 693 1741 737 satis
1757 711 1820 738 ex-

996 751 1202 806 periamur,
1234 751 1274 791 id
1297 750 1375 791 fieri
1407 753 1558 795 minime
1585 753 1709 810 posse,
1738 755 1764 796 fi
1781 758 1819 799 in

996 823 1111 850 unum
1144 810 1336 851 cumulum
1354 824 1634 866 congerantur,
1667 827 1750 869 quae
1770 817 1819 858 de

994 867 1162 919 subjecto
1191 870 1328 910 eodem
1360 869 1538 925 cognosci
1564 870 1713 927 possunt
1732 890 1743 919 ς
1763 891 1818 917 or-

118 927 304 982 probent,
329 942 412 983 quae
428 928 652 983 probatione
673 942 750 969 non
769 927 937 983 indigere
977 928 1171 982 ·a'osch0lae
1200 927 1433 984 Philosophis
1465 931 1685 987 vulgaribus
1707 934 1816 976 relin-

117 986 200 1040 ipfis
217 986 392 1028 videntur
405 1016 418 1034 ‚
451 988 622 1042 &potius
635 985 777 1028 discant
791 1017 803 1035 ‚
828 987 935 1041 quod

117 1044 156 1084 in
179 1045 470 1087 demonstrando
487 1060 681 1102 nunquam
704 1046 810 1087 nimis
828 1060 935 1086 accu-

115 1104 184 1143 rati
211 1101 282 1145 effe
312 1103 511 1160 poffimus,
533 1103 730 1163 praesertim
750 1105 815 1147 ubi
828 1117 935 1146 extra

116 1161 302 1205 Mathefin
318 1162 505 1208 versamur
519 1195 533 1215 ‚
575 1180 645 1208 nec
666 1177 708 1207 ut
723 1165 777 1207 ibi
806 1164 933 1220 figuris

993 987 1166 1042 quendus
1189 990 1228 1028 &
1246 986 1268 1028 a
1288 990 1505 1031 Geometris
1521 991 1701 1047 aliisque,
1734 995 1816 1049 qui-

992 1047 1064 1087 bus
1083 1060 1141 1087 res
1154 1046 1377 1103 profundius
1392 1048 1567 1092 meditari
1585 1050 1716 1093 datum
1736 1053 1790 1095 est
1797 1082 1812 1103 2

991 1108 1074 1148 ordo
1089 1120 1226 1149 natura
1242 1107 1469 1150 retinendus.

817 1338 1091 1385 FINIS.

1450 2476 1792 2528 ELEMENTA
