2101 2869
248 185 301 226 88
536 163 995 216 ELEMENTA
1054 163 1698 210 ARITHMETICAE.
1789 162 1802 187 ³

243 277 340 319 inter
377 285 487 317 1000
514 274 554 313 &
587 281 726 314 10000
753 284 761 307 τ
792 267 858 322 qui
881 266 978 306 enim
1008 264 1060 305 ibi

243 335 368 378 eidem
383 330 582 387 respondet
602 341 777 370 numerus
789 356 798 369 ,
836 337 896 366 tot
915 324 1062 365 frad‘cio-

244 409 309 437 nes
319 391 518 434 decimales
530 391 590 441 adj
598 390 721 429 unctas
734 385 964 439 habet,quot
978 384 1063 424 cha-

246 453 472 497 raeteristicae
486 451 645 490 unitates
665 443 844 487 acceffere
860 446 922 496 (§.
937 450 1019 495 346
1031 446 1061 492 ).

296 515 332 548 E.
366 524 413 560 gr.
457 513 634 554 Qaeratut
672 516 825 540 numerus
863 501 1063 552 logarithmo

250 567 460 606 1.9201662
480 557 688 593 conveniens.
713 558 799 589 Cum
814 555 845 588 in
859 551 977 589 tabulis
991 564 1065 600 pro.

246 615 341 653 xime
355 611 475 648 minori
492 606 682 656 respondeat
699 616 854 639 numerus
873 608 915 645 83
937 616 946 642 3
977 603 1066 650 loga-

247 665 385 700 rithmus
401 662 489 697 idem
508 657 673 694 evolvitur
684 654 740 689 (ub
763 652 1019 689 charaeteristica
1047 663 1060 693 3

248 716 320 764 post
348 717 441 753 8500
466 734 475 748 ‚
527 707 585 743 ubi
610 706 760 755 proxime
786 705 907 740 minori
939 701 1067 750 respou-

248 767 302 800 det
347 772 499 797 numerus
529 762 586 801 83.
614 769 671 794 21.
700 756 752 790 Est
775 755 886 802 itaque
915 751 1065 801 quaefitus

251 818 385 865 831255
418 812 546 862 Qodfi
566 810 782 847 fraffionibus
807 810 856 845 his
880 821 949 844 non
970 807 1068 843 fueris

251 881 425 909 contentus
452 882 508 917 per
534 866 640 905 casum
663 867 806 915 primum
830 864 972 900 minores
1004 862 1069 899 istis

249 923 388 961 inveniri
408 918 550 969 possunt.

363 976 391 1013 P
424 984 450 1011 R
481 984 507 1010 o
540 981 560 1008 B
596 979 621 1008 1.
657 979 676 1008 ε
712 980 742 1008 Μ
778 978 802 1006 Α
865 967 900 1006 Χ
922 965 964 1005 L.

313 1039 409 1085 356.
435 1031 609 1071 Invenire
635 1042 825 1069 numerum
855 1029 1070 1066 convenien-

251 1109 320 1137 tem
342 1090 555 1147 legarithmo
572 1092 704 1142 majori
718 1091 781 1134 iis,
792 1091 856 1141 qui
874 1090 916 1125 in
932 1085 1070 1125 tabulis

252 1163 496 1195 sorltlnentur.

405 1210 437 1250 R
472 1221 492 1248 E
529 1220 544 1247 s
580 1220 606 1247 ο
640 1216 664 1245 L
700 1217 727 1245 U
765 1216 789 1242 T
832 1215 846 1247 1
883 1217 921 1244 o.

260 1299 294 1330 1.
333 1284 369 1326 Α
390 1279 620 1337 logarithmo
643 1276 735 1318 dato
767 1273 1004 1316 subtrahatur
1021 1271 1073 1313 lo-

314 1342 518 1400 garithmus
536 1337 679 1378 numeri
695 1349 769 1383 10,
799 1334 861 1375 vel
886 1346 967 1377 100
981 1362 993 1381 2
1010 1331 1074 1372 vel

322 1414 431 1447 1000
456 1429 467 1447 2
504 1397 565 1438 vel
605 1408 746 1440 10000
762 1424 774 1443 ,
814 1393 938 1434 donec
968 1391 1075 1432 relin-

315 1474 454 1518 quatur
489 1456 734 1513 logarithmus
766 1454 899 1494 ultimo
937 1450 1074 1492 tabulae

315 1534 450 1563 ΠΉΠΟΓ.

261 1593 300 1629 2.
337 1583 536 1637 Qlaeratur
574 1587 750 1616 numerus
787 1571 822 1614 ei
850 1568 1074 1626 respondens

319 1645 336 1692 (
355 1647 387 1688 §·
407 1649 484 1690 355
509 1635 525 1689 >
556 1639 594 1677 δε

262 1715 300 1755 3.
321 1698 590 1751 Multiplicetur
606 1707 672 1749 per
700 1705 751 1736 10
764 1721 776 1740 ,
795 1690 857 1732 vel
878 1702 959 1734 100
977 1717 989 1737 2
1014 1687 1075 1728 vel

327 1771 436 1803 1000
454 1786 464 1804 ‚
483 1755 543 1796 vel
582 1765 733 1797 10000.

203 1843 210 1846 -
260 1821 413 1863 Factum
432 1817 483 1856 est
513 1826 687 1855 numerus
698 1808 866 1866 quaefitus
886 1808 942 1862 (§.
965 1811 1076 1858 346).

313 1881 349 1914 E.
377 1890 426 1925 gr.
443 1874 646 1921 Qaereudus
662 1871 705 1907 est
719 1881 873 1905 numerus
888 1865 1080 1916 logarithmi

265 1942 303 1972 7.
320 1930 505 1972 7589982.
534 1921 751 1960 subtrahatur
778 1918 992 1968 [ogar'ithmus
1021 1928 1080 1951 nu-

263 1979 345 2016 meri
374 1989 491 2012 10000
503 2000 513 2016 ,
537 1974 593 2021 qui
609 1973 651 2008 est
668 1985 699 2013 4.
718 1983 883 2005 ooooooo
898 1996 907 2009 ‚
936 1978 971 2004 ut
986 1966 1081 2002 relin-

230 2030 232 2033 ’
264 2038 384 2077 quatur
404 2038 432 2068 ἦ.
449 2028 617 2070 7589982
631 2047 641 2061 ,
653 2024 704 2057 cui
716 2020 912 2069 respondeus
929 2028 1083 2053 numerus

272 2092 288 2132 ς
308 2091 334 2131 7
353 2090 379 2125 4
405 2087 417 2117 1
444 2083 521 2107 ὲὲ-
565 2081 701 2113 ducatur
719 2078 751 2112 in
786 2087 834 2111 ιο
848 2089 929 2110 000
959 2072 1084 2107 fastum

448 2112 458 2127 l
474 2111 490 2128 0
502 2111 519 2127 0

273 2149 364 2184 5741
376 2149 389 2172 1
401 2148 466 2171 100
486 2134 546 2167 erit
563 2144 716 2167 numerus
746 2129 905 2177 quaefitus.

467 2187 492 2225 S
519 2196 542 2223 c
571 2195 595 2222 H
623 2194 649 2221 0
679 2195 702 2221 L
731 2193 744 2220 I
777 2192 803 2219 0
831 2192 874 2220 N.

324 2258 404 2290 357.
434 2244 540 2280 Facile
560 2249 694 2288 apparet
710 2263 721 2277 ,
752 2239 895 2277 subtrahi
907 2234 987 2283 poffe
1003 2238 1086 2281 loga-

268 2299 427 2335 rithmum
450 2295 575 2329 numeri
590 2290 794 2336 cujuscunque
814 2291 847 2325 in
861 2287 972 2323 tabam
987 2297 1088 2321 occur-

270 2356 394 2385 rentem
410 2369 419 2382 ‚
438 2345 525 2380 modo
537 2354 596 2391 per
613 2342 742 2376 cundem
756 2351 922 2374 numerum
933 2336 1087 2382 multipli-

270 2407 358 2435 cetur
375 2421 386 2435 ‚
414 2392 673 2443 quilogarithmo
687 2389 806 2435 refiduo
821 2389 995 2436 respondet.
1030 2387 1090 2420 Sed

272 2448 416 2498 operatio
432 2444 554 2487 taediosa
568 2444 687 2478 evadit.

349 2500 791 2537 PRoBLEMA
853 2488 1009 2529 XLI.

337 2565 437 2609 358.
480 2556 653 2598 Invenire
687 2563 873 2593 numerum
919 2549 1002 2589 dato
1043 2547 1091 2587 lo-

1144 265 1332 322 garithmo
1369 265 1549 318 dcfi’c'ffivo
1590 263 1864 318 respondentem.

1298 341 1330 381 R
1363 351 1382 379 E
1418 352 1434 379 s
1470 353 1495 380 o
1529 351 1554 379 L
1590 351 1614 379 υ
1655 352 1680 378 T
1719 351 1733 382 1
1779 353 1816 380 o.

1158 409 1190 441 1.
1218 400 1323 440 Dato
1343 398 1572 454 logarithmo
1590 397 1786 440 defectivo
1811 398 1972 442 addatur

1212 458 1458 512 logarithmus
1479 458 1629 499 ultimus
1661 459 1796 500 tabulae
1814 459 1888 500 five
1906 474 1971 501 nu-

1211 518 1302 557 meri
1332 529 1472 561 10000
1490 547 1501 565 ,
1531 517 1605 559 hoc
1631 519 1708 565 est,
1735 518 1799 559 ille
1827 520 1878 560 ab
1897 519 1971 560 hoc

1212 573 1460 617 subtrahatur.

1158 644 1195 678 2.
1215 634 1464 689 Logarithmo
1491 633 1637 676 refiduo
1657 638 1883 679 conveniens
1909 651 1973 680 nu-

1215 708 1337 735 merus
1353 707 1539 749 quaeratur
1558 698 1575 745 (
1585 697 1620 740 §.
1642 705 1689 747 35
1703 705 1721 746 ς
1734 698 1764 744 ).

1156 752 1256 794 Dico
1277 783 1290 801 ,
1323 754 1422 795 hunc
1441 753 1513 795 effe
1529 767 1809 796 numeratorem
1830 754 1973 798 fra-itio-

1156 813 1211 853 nis
1236 842 1246 855 ‚
1281 813 1383 865 cujus
1401 813 1667 855 denominator
1687 815 1738 854 est
1763 827 1915 858 10000.

1211 873 1247 906 E.
1268 884 1316 920 gr.
1353 875 1528 919 Qaeratur
1546 872 1664 907 fractio
1694 871 1891 921 respondens
1913 875 1976 910 Lo.

1159 939 1228 976 gar.
1242 926 1541 963 defeetivo—-m
1562 933 1744 970 3679767.
1907 929 1976 966 Hic

1161 994 1207 1019 ex
1508 994 1543 1024 4.
1560 996 1728 1018 ooooooo
1805 982 1902 1023 subd.

1160 1072 1316 1119 relinquit
1512 1083 1542 1114 3.
1559 1078 1655 1118 6320
1663 1084 1701 1114 23
1713 1084 1744 1115 ς,
1755 1073 1808 1107 cui
1822 1072 1978 1109 convenit

1161 1139 1313 1163 numerus
1341 1132 1452 1176 4285
1468 1127 1543 1175 {g—o.
1567 1127 1618 1161 Est
1645 1139 1726 1176 ergo
1752 1126 1870 1163 fradkio
1892 1139 1978 1176 quae.

1161 1183 1218 1221 fita
1263 1185 1386 1209 428371

1253 1215 1413 1235 1000000·

1295 1265 1841 1308 DEMONSTRA‘TJ'I'O.

1222 1324 1325 1365 Cum
1355 1321 1486 1362 fraffio
1505 1320 1546 1360 fit
1566 1332 1706 1376 quotus
1729 1334 1776 1361 cx
1800 1317 1980 1360 divifione

1162 1382 1408 1424 numeratoris
1432 1395 1498 1436 per
1516 1379 1841 1421 denominatorem
1864 1392 1980 1418 emer-

1163 1457 1253 1499 gens
1278 1445 1339 1492 (§.
1367 1443 1487 1491 138)‚·
1517 1440 1586 1480 erit
1622 1438 1740 1478 unitas
1768 1438 1818 1478 ad
1835 1437 1981 1477 fractio-

1162 1517 1248 1544 nem
1271 1513 1311 1541 ut
1334 1500 1599 1541 denominator
1626 1497 1675 1537 ad
1701 1508 1982 1537 numeratorem

1162 1564 1222 1614 (§.
1246 1563 1339 1611 69).
1371 1558 1447 1601 Sed
1477 1571 1518 1599 ut
1541 1557 1660 1597 unitas
1687 1556 1735 1597 ad
1762 1555 1983 1597 frad‘cioncm

1164 1622 1256 1663 dato
1280 1619 1510 1674 logarithmo
1537 1616 1726 1657 defectivo
1755 1613 1983 1669 responden-

1164 1695 1242 1723 tem
1255 1710 1266 1728 ,
1292 1679 1342 1719 ita
1367 1690 1507 1722 10000
1523 1676 1572 1717 ad
1586 1689 1784 1716 numerum
1803 1674 1984 1729 logarith-

1166 1756 1231 1782 mo
1250 1737 1396 1780 refiduo
1408 1737 1694 1777 convenientem
1715 1734 1732 1788 (
1744 1738 1806 1784 §.3
1817 1734 1980 1785 37.66):

1166 1804 1269 1855 Ergo
1286 1797 1311 1838 fi
1334 1809 1473 1841 10000
1492 1793 1656 1835 sumatur
1675 1808 1746 1849 pro
1766 1793 1985 1834 denomina-

1168 1873 1271 1906 tore,
1299 1857 1369 1898 erit
1387 1868 1563 1896 numerus
1573 1855 1637 1894 iste
1655 1863 1874 1894 numerator
1892 1850 1988 1894 stae-

1168 1918 1278 1961 tionis
1300 1914 1455 1972 quaefitae
1471 1915 1487 1961 (
1503 1918 1537 1960 §.
1558 1924 1635 1965 305
1651 1911 1681 1965 ).
1711 1912 1799 1965 Qe.
1813 1914 1849 1952 d.

1254 1993 1656 2031 PRoBLEMA
1719 1985 1901 2026 XLII.

1233 2061 1329 2101 359.
1368 2050 1481 2089 Datis
1508 2047 1627 2087 tribus
1653 2049 1814 2086 numeris
1840 2046 1987 2085 inveni-

1172 2128 1210 2153 re
1229 2121 1399 2166 quartum
1415 2107 1732 2162 proportzonalem.

1373 2180 1406 2220 R
1427 2189 1446 2217 E
1469 2190 1484 2218 s
1505 2188 1532 2217 o
1555 2189 1579 2217 L
1602 2189 1629 2216 U
1652 2190 1677 2216 T
1703 2189 1717 2219 1
1742 2190 1780 2216 ο.

1181 2254 1213 2285 1.
1243 2237 1507 2294 Logarithrnus
1524 2234 1674 2277 secundi
1699 2235 1859 2277 addatur
1887 2232 1990 2289 loga-

1234 2299 1371 2340 rithmo
1389 2296 1500 2338 tertii.
1958 2343 1963 2347 .

1178 2370 1215 2404 2.
1248 2359 1312 2400 Ab
1330 2368 1538 2412 aggregato
1555 2353 1790 2397 subtrahatur
1815 2350 1991 2407 logarith-

1236 2432 1316 2459 mus
1334 2416 1454 2472 primi.

1178 2478 1354 2521 Refiduus
1380 2476 1430 2517 est
1450 2474 1697 2531 logarithmus
1718 2472 1842 2529 quarti
1856 2467 1993 2527 quaefiti

1239 2540 1302 2593 (§.
1321 2546 1418 2590 302·
1440 2547 1535 2592 337·
1558 2544 1637 2588 343
1651 2532 1680 2586 )·
1888 2591 1924 2626 E·
1942 2598 1991 2638 gr·
