<?xml version="1.0" encoding="UTF-8"?>
<!DOCTYPE html PUBLIC "-//W3C//DTD XHTML 1.0 Transitional//EN"
    "http://www.w3.org/TR/xhtml1/DTD/xhtml1-transitional.dtd">
<html xmlns="http://www.w3.org/1999/xhtml" xml:lang="en" lang="en">
 <head>
  <title>
</title>
<meta http-equiv="Content-Type" content="text/html;charset=utf-8" />
  <meta name='ocr-system' content='tesseract 3.04.00' />
  <meta name='ocr-capabilities' content='ocr_page ocr_carea ocr_par ocr_line ocrx_word'/>
</head>
<body>
  <div class='ocr_page' id='page_1' title='image "./elementamatheseo01wolf_0028.png"; bbox 0 0 2101 2869; ppageno 0'>
   <div class='ocr_carea' id='block_1_1' title="bbox 311 160 1601 223">
    <p class='ocr_par' dir='ltr' id='par_1_1' title="bbox 311 160 1601 223">
     <span class='ocr_line' id='line_1_1' title="bbox 311 160 1601 223; baseline -0.005 0"><span class='ocrx_word' id='word_1_1' title='bbox 311 188 456 223; x_wconf 76' lang='lat' dir='ltr'>xxiv</span> <span class='ocrx_word' id='word_1_2' title='bbox 743 160 1601 220; x_wconf 66' lang='lat' dir='ltr'><em>PRIVILEGJUM.</em></span> 
     </span>
    </p>
   </div>
   <div class='ocr_carea' id='block_1_2' title="bbox 301 278 1965 1505">
    <p class='ocr_par' dir='ltr' id='par_1_2' title="bbox 301 278 1965 1505">
     <span class='ocr_line' id='line_1_2' title="bbox 310 278 1964 338; baseline -0.002 -13"><span class='ocrx_word' id='word_1_3' title='bbox 310 283 355 325; x_wconf 85' lang='lat' dir='ltr'>fis</span> <span class='ocrx_word' id='word_1_4' title='bbox 388 282 449 324; x_wconf 85' lang='lat' dir='ltr'>seu</span> <span class='ocrx_word' id='word_1_5' title='bbox 486 282 692 338; x_wconf 87' lang='lat' dir='ltr'>opportatis</span> <span class='ocrx_word' id='word_1_6' title='bbox 727 279 846 334; x_wconf 82' lang='lat' dir='ltr'>(quae</span> <span class='ocrx_word' id='word_1_7' title='bbox 887 278 1011 320; x_wconf 62' lang='lat' dir='ltr'>&#39;dietus</span> <span class='ocrx_word' id='word_1_8' title='bbox 1052 279 1282 319; x_wconf 72' lang='lat' dir='ltr'>MARcus</span> <span class='ocrx_word' id='word_1_9' title='bbox 1329 281 1592 320; x_wconf 79' lang='lat' dir='ltr'>MchAEL</span> <span class='ocrx_word' id='word_1_10' title='bbox 1634 281 1964 331; x_wconf 67' lang='lat' dir='ltr'>BouthrET‚</span> 
     </span>
     <span class='ocr_line' id='line_1_3' title="bbox 306 335 1965 396; baseline -0.001 -13"><span class='ocrx_word' id='word_1_11' title='bbox 306 341 458 396; x_wconf 70' lang='lat' dir='ltr'>ejusque</span> <span class='ocrx_word' id='word_1_12' title='bbox 497 344 813 383; x_wconf 57' lang='lat' dir='ltr'>Consonus</span> <span class='ocrx_word' id='word_1_13' title='bbox 844 367 855 385; x_wconf 83' lang='lat'>‚</span> <span class='ocrx_word' id='word_1_14' title='bbox 895 337 968 377; x_wconf 81' lang='lat' dir='ltr'>sive</span> <span class='ocrx_word' id='word_1_15' title='bbox 1004 335 1153 392; x_wconf 69' lang='lat' dir='ltr'>propria</span> <span class='ocrx_word' id='word_1_16' title='bbox 1189 338 1414 378; x_wconf 80' lang='lat' dir='ltr'>authoritate</span> <span class='ocrx_word' id='word_1_17' title='bbox 1438 366 1449 380; x_wconf 87' lang='lat'>‚</span> <span class='ocrx_word' id='word_1_18' title='bbox 1489 337 1564 377; x_wconf 87' lang='lat' dir='ltr'>five</span> <span class='ocrx_word' id='word_1_19' title='bbox 1598 338 1834 393; x_wconf 65' lang='lat' dir='ltr'>Magistratus</span> <span class='ocrx_word' id='word_1_20' title='bbox 1868 341 1965 382; x_wconf 81' lang='lat' dir='ltr'>illius</span> 
     </span>
     <span class='ocr_line' id='line_1_4' title="bbox 307 395 1964 450; baseline -0.001 -9"><span class='ocrx_word' id='word_1_21' title='bbox 307 402 380 442; x_wconf 90' lang='lat' dir='ltr'>loci</span> <span class='ocrx_word' id='word_1_22' title='bbox 415 400 554 441; x_wconf 63' lang='lat' dir='ltr'>auxilio</span> <span class='ocrx_word' id='word_1_23' title='bbox 588 399 652 437; x_wconf 71' lang='lat' dir='ltr'>(ibi</span> <span class='ocrx_word' id='word_1_24' title='bbox 692 398 878 436; x_wconf 81' lang='lat' dir='ltr'>vindicare</span> <span class='ocrx_word' id='word_1_25' title='bbox 913 396 1144 450; x_wconf 84' lang='lat' dir='ltr'>poterunt:)</span> <span class='ocrx_word' id='word_1_26' title='bbox 1177 396 1225 435; x_wconf 89' lang='lat' dir='ltr'>de</span> <span class='ocrx_word' id='word_1_27' title='bbox 1256 396 1354 437; x_wconf 64' lang='lat' dir='ltr'>fatito</span> <span class='ocrx_word' id='word_1_28' title='bbox 1382 396 1631 450; x_wconf 86' lang='lat' dir='ltr'>privandum,</span> <span class='ocrx_word' id='word_1_29' title='bbox 1672 395 1733 437; x_wconf 89' lang='lat' dir='ltr'>sed</span> <span class='ocrx_word' id='word_1_30' title='bbox 1763 401 1801 438; x_wconf 67' lang='grc' dir='ltr'>ὃς</span> <span class='ocrx_word' id='word_1_31' title='bbox 1821 400 1964 439; x_wconf 80' lang='lat' dir='ltr'><strong>Decem</strong></span> 
     </span>
     <span class='ocr_line' id='line_1_5' title="bbox 309 452 1965 510; baseline -0.002 -10"><span class='ocrx_word' id='word_1_32' title='bbox 309 462 523 501; x_wconf 70' lang='lat' dir='ltr'>Mart-arum</span> <span class='ocrx_word' id='word_1_33' title='bbox 558 457 653 497; x_wconf 88' lang='lat' dir='ltr'>Auri</span> <span class='ocrx_word' id='word_1_34' title='bbox 677 456 758 510; x_wconf 85' lang='lat' dir='ltr'>puri</span> <span class='ocrx_word' id='word_1_35' title='bbox 789 452 903 509; x_wconf 70' lang='lat' dir='ltr'>poena</span> <span class='ocrx_word' id='word_1_36' title='bbox 921 455 1064 494; x_wconf 81' lang='lat' dir='ltr'>AErario</span> <span class='ocrx_word' id='word_1_37' title='bbox 1096 452 1154 494; x_wconf 86' lang='lat' dir='ltr'>seu</span> <span class='ocrx_word' id='word_1_38' title='bbox 1183 452 1285 495; x_wconf 89' lang='lat' dir='ltr'>Fisco</span> <span class='ocrx_word' id='word_1_39' title='bbox 1314 456 1459 496; x_wconf 87' lang='lat' dir='ltr'>Nostro</span> <span class='ocrx_word' id='word_1_40' title='bbox 1484 453 1653 495; x_wconf 77' lang='lat' dir='ltr'>Caesareo</span> <span class='ocrx_word' id='word_1_41' title='bbox 1684 458 1723 495; x_wconf 87' lang='lat'>&amp;</span> <span class='ocrx_word' id='word_1_42' title='bbox 1743 457 1843 496; x_wconf 86' lang='lat' dir='ltr'>Parti</span> <span class='ocrx_word' id='word_1_43' title='bbox 1880 455 1965 497; x_wconf 82' lang='lat' dir='ltr'>laesae</span> 
     </span>
     <span class='ocr_line' id='line_1_6' title="bbox 308 511 1961 571; baseline -0.002 -12"><span class='ocrx_word' id='word_1_44' title='bbox 308 533 356 559; x_wconf 86' lang='lat' dir='ltr'>ex</span> <span class='ocrx_word' id='word_1_45' title='bbox 392 531 500 571; x_wconf 78' lang='lat' dir='ltr'>aequo</span> <span class='ocrx_word' id='word_1_46' title='bbox 539 511 736 569; x_wconf 63' lang='lat' dir='ltr'>pendenda</span> <span class='ocrx_word' id='word_1_47' title='bbox 760 542 772 560; x_wconf 67' lang='lat'>2</span> <span class='ocrx_word' id='word_1_48' title='bbox 808 514 910 552; x_wconf 90' lang='lat' dir='ltr'>omni</span> <span class='ocrx_word' id='word_1_49' title='bbox 950 511 1011 566; x_wconf 92' lang='lat' dir='ltr'>spe</span> <span class='ocrx_word' id='word_1_50' title='bbox 1048 513 1163 552; x_wconf 79' lang='lat' dir='ltr'>veniae</span> <span class='ocrx_word' id='word_1_51' title='bbox 1200 511 1342 553; x_wconf 69' lang='lat' dir='ltr'>sublata</span> <span class='ocrx_word' id='word_1_52' title='bbox 1389 513 1643 552; x_wconf 65' lang='lat' dir='ltr'>mulctandum</span> <span class='ocrx_word' id='word_1_53' title='bbox 1690 513 1923 555; x_wconf 89' lang='lat' dir='ltr'>decernimus</span> <span class='ocrx_word' id='word_1_54' title='bbox 1948 545 1961 563; x_wconf 87' lang='lat'>,</span> 
     </span>
     <span class='ocr_line' id='line_1_7' title="bbox 308 570 1962 627; baseline -0.002 -10"><span class='ocrx_word' id='word_1_55' title='bbox 308 576 520 618; x_wconf 88' lang='lat' dir='ltr'>dummodo</span> <span class='ocrx_word' id='word_1_56' title='bbox 557 586 666 613; x_wconf 87' lang='lat' dir='ltr'>tenor</span> <span class='ocrx_word' id='word_1_57' title='bbox 700 572 808 622; x_wconf 84' lang='lat' dir='ltr'>hujus</span> <span class='ocrx_word' id='word_1_58' title='bbox 842 572 972 611; x_wconf 79' lang='lat' dir='ltr'>Nostri</span> <span class='ocrx_word' id='word_1_59' title='bbox 1002 571 1187 624; x_wconf 74' lang='lat' dir='ltr'>privilegii</span> <span class='ocrx_word' id='word_1_60' title='bbox 1215 572 1250 611; x_wconf 91' lang='lat' dir='ltr'>in</span> <span class='ocrx_word' id='word_1_61' title='bbox 1288 571 1413 611; x_wconf 90' lang='lat' dir='ltr'>fronte</span> <span class='ocrx_word' id='word_1_62' title='bbox 1438 572 1540 611; x_wconf 86' lang='lat' dir='ltr'>Libri</span> <span class='ocrx_word' id='word_1_63' title='bbox 1573 570 1763 625; x_wconf 81' lang='lat' dir='ltr'>impressus</span> <span class='ocrx_word' id='word_1_64' title='bbox 1805 574 1962 627; x_wconf 85' lang='lat' dir='ltr'>reperia-</span> 
     </span>
     <span class='ocr_line' id='line_1_8' title="bbox 308 629 1964 684; baseline -0.001 -9"><span class='ocrx_word' id='word_1_65' title='bbox 308 648 369 675; x_wconf 87' lang='lat' dir='ltr'>tur</span> <span class='ocrx_word' id='word_1_66' title='bbox 391 664 401 682; x_wconf 84' lang='grc'>,</span> <span class='ocrx_word' id='word_1_67' title='bbox 450 638 489 675; x_wconf 87' lang='lat'>&amp;</span> <span class='ocrx_word' id='word_1_68' title='bbox 528 630 700 672; x_wconf 79' lang='lat' dir='ltr'>consueta</span> <span class='ocrx_word' id='word_1_69' title='bbox 729 631 908 684; x_wconf 84' lang='lat' dir='ltr'>Qinque</span> <span class='ocrx_word' id='word_1_70' title='bbox 942 629 1178 683; x_wconf 79' lang='lat' dir='ltr'>Exemplaria</span> <span class='ocrx_word' id='word_1_71' title='bbox 1213 629 1381 671; x_wconf 81' lang='lat' dir='ltr'>Consilio</span> <span class='ocrx_word' id='word_1_72' title='bbox 1421 630 1564 671; x_wconf 87' lang='lat' dir='ltr'>Nostro</span> <span class='ocrx_word' id='word_1_73' title='bbox 1600 630 1784 683; x_wconf 79' lang='lat' dir='ltr'>imperiali</span> <span class='ocrx_word' id='word_1_74' title='bbox 1824 632 1964 673; x_wconf 86' lang='lat' dir='ltr'>Aulico</span> 
     </span>
     <span class='ocr_line' id='line_1_9' title="bbox 307 688 1963 742; baseline -0.002 -8"><span class='ocrx_word' id='word_1_75' title='bbox 307 694 565 734; x_wconf 81' lang='lat' dir='ltr'>exhibeantur.</span> <span class='ocrx_word' id='word_1_76' title='bbox 659 690 885 728; x_wconf 88' lang='lat' dir='ltr'>Mandamus</span> <span class='ocrx_word' id='word_1_77' title='bbox 938 689 1066 741; x_wconf 84' lang='lat' dir='ltr'>itaque</span> <span class='ocrx_word' id='word_1_78' title='bbox 1110 688 1286 728; x_wconf 89' lang='lat' dir='ltr'>omnibus</span> <span class='ocrx_word' id='word_1_79' title='bbox 1325 691 1363 728; x_wconf 63' lang='grc' dir='ltr'>ὅ(</span> <span class='ocrx_word' id='word_1_80' title='bbox 1405 688 1551 742; x_wconf 81' lang='lat' dir='ltr'>singulis</span> <span class='ocrx_word' id='word_1_81' title='bbox 1587 689 1735 728; x_wconf 85' lang='lat' dir='ltr'>Nostris</span> <span class='ocrx_word' id='word_1_82' title='bbox 1781 693 1821 730; x_wconf 89' lang='lat'>&amp;</span> <span class='ocrx_word' id='word_1_83' title='bbox 1860 691 1963 731; x_wconf 82' lang='lat' dir='ltr'>Sacri</span> 
     </span>
     <span class='ocr_line' id='line_1_10' title="bbox 306 746 1961 802; baseline -0.002 -9"><span class='ocrx_word' id='word_1_84' title='bbox 306 751 467 793; x_wconf 90' lang='lat' dir='ltr'>Romani</span> <span class='ocrx_word' id='word_1_85' title='bbox 499 748 647 802; x_wconf 86' lang='lat' dir='ltr'>Imperii</span> <span class='ocrx_word' id='word_1_86' title='bbox 675 746 970 801; x_wconf 74' lang='lat' dir='ltr'>Regnorumque</span> <span class='ocrx_word' id='word_1_87' title='bbox 999 750 1037 786; x_wconf 73' lang='grc' dir='ltr'>δε</span> <span class='ocrx_word' id='word_1_88' title='bbox 1067 747 1335 787; x_wconf 88' lang='lat' dir='ltr'>Dominiorum</span> <span class='ocrx_word' id='word_1_89' title='bbox 1377 748 1602 787; x_wconf 87' lang='lat' dir='ltr'>Nostrorum</span> <span class='ocrx_word' id='word_1_90' title='bbox 1634 747 1961 789; x_wconf 86' lang='lat' dir='ltr'>Haereditariorum</span> 
     </span>
     <span class='ocr_line' id='line_1_11' title="bbox 306 803 1963 859; baseline -0.001 -9"><span class='ocrx_word' id='word_1_91' title='bbox 306 809 458 851; x_wconf 85' lang='lat' dir='ltr'>subditis</span> <span class='ocrx_word' id='word_1_92' title='bbox 494 811 532 848; x_wconf 69' lang='grc' dir='ltr'>δε</span> <span class='ocrx_word' id='word_1_93' title='bbox 561 806 732 846; x_wconf 79' lang='lat' dir='ltr'>fidelibus</span> <span class='ocrx_word' id='word_1_94' title='bbox 764 806 905 846; x_wconf 63' lang='lat' dir='ltr'>ducetis</span> <span class='ocrx_word' id='word_1_95' title='bbox 925 835 938 852; x_wconf 88' lang='lat'>,</span> <span class='ocrx_word' id='word_1_96' title='bbox 979 817 1056 844; x_wconf 90' lang='lat' dir='ltr'>tam</span> <span class='ocrx_word' id='word_1_97' title='bbox 1089 804 1344 846; x_wconf 83' lang='lat' dir='ltr'>Ecclefiasticis</span> <span class='ocrx_word' id='word_1_98' title='bbox 1384 803 1498 859; x_wconf 77' lang='lat' dir='ltr'>quam</span> <span class='ocrx_word' id='word_1_99' title='bbox 1536 805 1813 853; x_wconf 79' lang='lat' dir='ltr'>Saecularibus,</span> <span class='ocrx_word' id='word_1_100' title='bbox 1848 805 1963 858; x_wconf 84' lang='lat' dir='ltr'>cujus-</span> 
     </span>
     <span class='ocr_line' id='line_1_12' title="bbox 306 861 1959 923; baseline -0.001 -13"><span class='ocrx_word' id='word_1_101' title='bbox 306 882 454 923; x_wconf 87' lang='lat' dir='ltr'>cunque</span> <span class='ocrx_word' id='word_1_102' title='bbox 488 865 624 912; x_wconf 66' lang='lat' dir='ltr'>status,</span> <span class='ocrx_word' id='word_1_103' title='bbox 654 865 791 920; x_wconf 70' lang='lat' dir='ltr'>gradus</span> <span class='ocrx_word' id='word_1_104' title='bbox 812 893 824 911; x_wconf 83' lang='lat'>,</span> <span class='ocrx_word' id='word_1_105' title='bbox 862 864 1053 919; x_wconf 84' lang='lat' dir='ltr'>dignitatis</span> <span class='ocrx_word' id='word_1_106' title='bbox 1085 875 1149 903; x_wconf 88' lang='lat' dir='ltr'>aut</span> <span class='ocrx_word' id='word_1_107' title='bbox 1178 863 1318 903; x_wconf 83' lang='lat' dir='ltr'>ordinis</span> <span class='ocrx_word' id='word_1_108' title='bbox 1354 863 1517 905; x_wconf 86' lang='lat' dir='ltr'>fuerint,</span> <span class='ocrx_word' id='word_1_109' title='bbox 1556 861 1753 917; x_wconf 86' lang='lat' dir='ltr'>praesertim</span> <span class='ocrx_word' id='word_1_110' title='bbox 1778 863 1872 906; x_wconf 74' lang='lat' dir='ltr'>vero</span> <span class='ocrx_word' id='word_1_111' title='bbox 1895 866 1959 908; x_wconf 82' lang='lat' dir='ltr'>iis,</span> 
     </span>
     <span class='ocr_line' id='line_1_13' title="bbox 305 919 1960 983; baseline -0.002 -15"><span class='ocrx_word' id='word_1_112' title='bbox 305 926 371 983; x_wconf 92' lang='lat' dir='ltr'>qui</span> <span class='ocrx_word' id='word_1_113' title='bbox 399 928 435 966; x_wconf 90' lang='lat' dir='ltr'>in</span> <span class='ocrx_word' id='word_1_114' title='bbox 470 925 688 978; x_wconf 85' lang='lat' dir='ltr'>Magistratu</span> <span class='ocrx_word' id='word_1_115' title='bbox 717 924 913 964; x_wconf 81' lang='lat' dir='ltr'>existentes</span> <span class='ocrx_word' id='word_1_116' title='bbox 932 952 944 970; x_wconf 81' lang='grc'>,</span> <span class='ocrx_word' id='word_1_117' title='bbox 988 921 1048 961; x_wconf 86' lang='lat' dir='ltr'>vel</span> <span class='ocrx_word' id='word_1_118' title='bbox 1088 919 1177 964; x_wconf 69' lang='lat' dir='ltr'>suo,</span> <span class='ocrx_word' id='word_1_119' title='bbox 1209 922 1269 961; x_wconf 79' lang='lat' dir='ltr'>vel</span> <span class='ocrx_word' id='word_1_120' title='bbox 1305 920 1532 976; x_wconf 84' lang='lat' dir='ltr'>superiorum</span> <span class='ocrx_word' id='word_1_121' title='bbox 1563 919 1713 962; x_wconf 90' lang='lat' dir='ltr'>suorum</span> <span class='ocrx_word' id='word_1_122' title='bbox 1745 923 1833 964; x_wconf 91' lang='lat' dir='ltr'>loco</span> <span class='ocrx_word' id='word_1_123' title='bbox 1861 952 1873 970; x_wconf 89' lang='lat'>‚</span> <span class='ocrx_word' id='word_1_124' title='bbox 1901 925 1960 977; x_wconf 73' lang='lat' dir='ltr'>jus</span> 
     </span>
     <span class='ocr_line' id='line_1_14' title="bbox 304 980 1961 1037; baseline -0.001 -12"><span class='ocrx_word' id='word_1_125' title='bbox 304 986 551 1037; x_wconf 78' lang='lat' dir='ltr'>justitiamque</span> <span class='ocrx_word' id='word_1_126' title='bbox 587 982 868 1029; x_wconf 79' lang='lat' dir='ltr'>administrant,</span> <span class='ocrx_word' id='word_1_127' title='bbox 901 996 949 1022; x_wconf 91' lang='lat' dir='ltr'>ne</span> <span class='ocrx_word' id='word_1_128' title='bbox 983 994 1212 1034; x_wconf 85' lang='lat' dir='ltr'>quemquam</span> <span class='ocrx_word' id='word_1_129' title='bbox 1241 980 1477 1034; x_wconf 83' lang='lat' dir='ltr'>Privilegium</span> <span class='ocrx_word' id='word_1_130' title='bbox 1511 980 1584 1020; x_wconf 92' lang='lat' dir='ltr'>hoc</span> <span class='ocrx_word' id='word_1_131' title='bbox 1617 982 1799 1021; x_wconf 88' lang='lat' dir='ltr'>Nostrum</span> <span class='ocrx_word' id='word_1_132' title='bbox 1842 980 1961 1023; x_wconf 42' lang='lat' dir='ltr'>Caesaw</span> 
     </span>
     <span class='ocr_line' id='line_1_15' title="bbox 305 1037 1958 1095; baseline -0.002 -10"><span class='ocrx_word' id='word_1_133' title='bbox 305 1059 409 1085; x_wconf 86' lang='lat' dir='ltr'>reum</span> <span class='ocrx_word' id='word_1_134' title='bbox 440 1041 581 1082; x_wconf 79' lang='lat' dir='ltr'>violare</span> <span class='ocrx_word' id='word_1_135' title='bbox 601 1070 612 1087; x_wconf 81' lang='lat'>,</span> <span class='ocrx_word' id='word_1_136' title='bbox 645 1039 812 1095; x_wconf 87' lang='lat' dir='ltr'>spernere</span> <span class='ocrx_word' id='word_1_137' title='bbox 834 1069 845 1086; x_wconf 84' lang='lat'>‚</span> <span class='ocrx_word' id='word_1_138' title='bbox 882 1052 947 1080; x_wconf 88' lang='lat' dir='ltr'>aut</span> <span class='ocrx_word' id='word_1_139' title='bbox 974 1037 1178 1093; x_wconf 81' lang='lat' dir='ltr'>transgredi</span> <span class='ocrx_word' id='word_1_140' title='bbox 1202 1040 1417 1093; x_wconf 87' lang='lat' dir='ltr'>patiantur:</span> <span class='ocrx_word' id='word_1_141' title='bbox 1481 1039 1557 1080; x_wconf 87' lang='lat' dir='ltr'>Sed</span> <span class='ocrx_word' id='word_1_142' title='bbox 1585 1037 1610 1078; x_wconf 87' lang='lat' dir='ltr'>fi</span> <span class='ocrx_word' id='word_1_143' title='bbox 1636 1053 1734 1094; x_wconf 80' lang='lat' dir='ltr'>quos</span> <span class='ocrx_word' id='word_1_144' title='bbox 1767 1052 1958 1082; x_wconf 84' lang='lat' dir='ltr'>contuma-</span> 
     </span>
     <span class='ocr_line' id='line_1_16' title="bbox 304 1096 1959 1154; baseline -0.002 -11"><span class='ocrx_word' id='word_1_145' title='bbox 304 1117 364 1144; x_wconf 84' lang='lat' dir='ltr'>ces</span> <span class='ocrx_word' id='word_1_146' title='bbox 400 1100 650 1154; x_wconf 80' lang='lat' dir='ltr'>compererint</span> <span class='ocrx_word' id='word_1_147' title='bbox 674 1128 685 1147; x_wconf 84' lang='grc'>,</span> <span class='ocrx_word' id='word_1_148' title='bbox 713 1096 912 1139; x_wconf 68' lang='lat' dir='ltr'>constituta</span> <span class='ocrx_word' id='word_1_149' title='bbox 941 1097 962 1137; x_wconf 73' lang='lat' dir='ltr'>a</span> <span class='ocrx_word' id='word_1_150' title='bbox 993 1098 1118 1138; x_wconf 86' lang='lat' dir='ltr'>Nobis</span> <span class='ocrx_word' id='word_1_151' title='bbox 1147 1096 1284 1137; x_wconf 50' lang='lat' dir='ltr'>mulcta</span> <span class='ocrx_word' id='word_1_152' title='bbox 1320 1111 1386 1137; x_wconf 90' lang='lat' dir='ltr'>eos</span> <span class='ocrx_word' id='word_1_153' title='bbox 1419 1098 1563 1151; x_wconf 88' lang='lat' dir='ltr'>puniri,</span> <span class='ocrx_word' id='word_1_154' title='bbox 1603 1101 1642 1138; x_wconf 83' lang='lat'>&amp;</span> <span class='ocrx_word' id='word_1_155' title='bbox 1672 1096 1959 1153; x_wconf 88' lang='lat' dir='ltr'>quibuscunque</span> 
     </span>
     <span class='ocr_line' id='line_1_17' title="bbox 302 1154 1958 1210; baseline -0.002 -8"><span class='ocrx_word' id='word_1_156' title='bbox 302 1161 423 1202; x_wconf 84' lang='lat' dir='ltr'>modis</span> <span class='ocrx_word' id='word_1_157' title='bbox 454 1158 596 1198; x_wconf 86' lang='lat' dir='ltr'>idoneis</span> <span class='ocrx_word' id='word_1_158' title='bbox 634 1158 798 1198; x_wconf 78' lang='lat' dir='ltr'>coerceri</span> <span class='ocrx_word' id='word_1_159' title='bbox 826 1169 953 1197; x_wconf 87' lang='lat' dir='ltr'>curent</span> <span class='ocrx_word' id='word_1_160' title='bbox 976 1186 988 1204; x_wconf 85' lang='lat'>‚</span> <span class='ocrx_word' id='word_1_161' title='bbox 1033 1168 1216 1210; x_wconf 82' lang='lat' dir='ltr'>quatenus</span> <span class='ocrx_word' id='word_1_162' title='bbox 1251 1159 1290 1196; x_wconf 85' lang='lat'>&amp;</span> <span class='ocrx_word' id='word_1_163' title='bbox 1324 1155 1387 1209; x_wconf 86' lang='lat' dir='ltr'>ipfi</span> <span class='ocrx_word' id='word_1_164' title='bbox 1415 1154 1661 1210; x_wconf 83' lang='lat' dir='ltr'>graviffimam</span> <span class='ocrx_word' id='word_1_165' title='bbox 1695 1158 1873 1198; x_wconf 88' lang='lat' dir='ltr'>Nostram</span> <span class='ocrx_word' id='word_1_166' title='bbox 1905 1159 1958 1198; x_wconf 88' lang='lat' dir='ltr'>in-</span> 
     </span>
     <span class='ocr_line' id='line_1_18' title="bbox 302 1215 1957 1274; baseline -0.002 -15"><span class='ocrx_word' id='word_1_167' title='bbox 302 1219 558 1274; x_wconf 79' lang='lat' dir='ltr'>dignationem</span> <span class='ocrx_word' id='word_1_168' title='bbox 597 1215 882 1270; x_wconf 60' lang='lat' dir='ltr'>praediftamque</span> <span class='ocrx_word' id='word_1_169' title='bbox 917 1228 1071 1269; x_wconf 86' lang='lat' dir='ltr'>poenam</span> <span class='ocrx_word' id='word_1_170' title='bbox 1088 1215 1228 1255; x_wconf 86' lang='lat' dir='ltr'>evitare</span> <span class='ocrx_word' id='word_1_171' title='bbox 1248 1215 1446 1254; x_wconf 82' lang='lat' dir='ltr'>voluerint.</span> <span class='ocrx_word' id='word_1_172' title='bbox 1478 1217 1622 1254; x_wconf 89' lang='lat' dir='ltr'>Harum</span> <span class='ocrx_word' id='word_1_173' title='bbox 1635 1216 1863 1256; x_wconf 87' lang='lat' dir='ltr'>Testimonio</span> <span class='ocrx_word' id='word_1_174' title='bbox 1883 1217 1957 1256; x_wconf 90' lang='lat' dir='ltr'>Lit-</span> 
     </span>
     <span class='ocr_line' id='line_1_19' title="bbox 302 1272 1957 1329; baseline -0.002 -10"><span class='ocrx_word' id='word_1_175' title='bbox 302 1291 464 1319; x_wconf 86' lang='lat' dir='ltr'>terarum</span> <span class='ocrx_word' id='word_1_176' title='bbox 498 1288 609 1315; x_wconf 78' lang='lat' dir='ltr'>manu</span> <span class='ocrx_word' id='word_1_177' title='bbox 648 1273 787 1316; x_wconf 69' lang='lat' dir='ltr'>Nostra</span> <span class='ocrx_word' id='word_1_178' title='bbox 817 1272 1099 1328; x_wconf 85' lang='lat' dir='ltr'>subscriptarum</span> <span class='ocrx_word' id='word_1_179' title='bbox 1118 1302 1129 1321; x_wconf 84' lang='lat'>‚</span> <span class='ocrx_word' id='word_1_180' title='bbox 1170 1276 1207 1313; x_wconf 88' lang='lat'>&amp;</span> <span class='ocrx_word' id='word_1_181' title='bbox 1240 1273 1357 1326; x_wconf 80' lang='lat' dir='ltr'>Sigiffi</span> <span class='ocrx_word' id='word_1_182' title='bbox 1386 1274 1517 1314; x_wconf 87' lang='lat' dir='ltr'>Nostri</span> <span class='ocrx_word' id='word_1_183' title='bbox 1541 1272 1699 1314; x_wconf 80' lang='lat' dir='ltr'>Caesarei</span> <span class='ocrx_word' id='word_1_184' title='bbox 1729 1273 1957 1329; x_wconf 82' lang='lat' dir='ltr'>appreffione</span> 
     </span>
     <span class='ocr_line' id='line_1_20' title="bbox 302 1332 1953 1387; baseline -0.002 -10"><span class='ocrx_word' id='word_1_185' title='bbox 302 1337 524 1377; x_wconf 85' lang='lat' dir='ltr'>munitarum</span> <span class='ocrx_word' id='word_1_186' title='bbox 541 1362 553 1380; x_wconf 86' lang='grc'>,</span> <span class='ocrx_word' id='word_1_187' title='bbox 578 1348 659 1387; x_wconf 82' lang='lat' dir='ltr'>quae</span> <span class='ocrx_word' id='word_1_188' title='bbox 684 1333 872 1373; x_wconf 85' lang='lat' dir='ltr'>dabantur</span> <span class='ocrx_word' id='word_1_189' title='bbox 900 1334 937 1372; x_wconf 86' lang='lat' dir='ltr'>in</span> <span class='ocrx_word' id='word_1_190' title='bbox 955 1332 1120 1373; x_wconf 88' lang='lat' dir='ltr'>Civitate</span> <span class='ocrx_word' id='word_1_191' title='bbox 1137 1333 1276 1373; x_wconf 87' lang='lat' dir='ltr'>Nostra</span> <span class='ocrx_word' id='word_1_192' title='bbox 1294 1334 1354 1373; x_wconf 89' lang='lat' dir='ltr'>V1</span> <span class='ocrx_word' id='word_1_193' title='bbox 1371 1344 1390 1371; x_wconf 80' lang='lat' dir='ltr'>E</span> <span class='ocrx_word' id='word_1_194' title='bbox 1406 1343 1432 1371; x_wconf 84' lang='grc' dir='ltr'>Ν</span> <span class='ocrx_word' id='word_1_195' title='bbox 1448 1342 1475 1370; x_wconf 81' lang='lat' dir='ltr'>N</span> <span class='ocrx_word' id='word_1_196' title='bbox 1490 1343 1513 1370; x_wconf 84' lang='lat' dir='ltr'>A</span> <span class='ocrx_word' id='word_1_197' title='bbox 1535 1360 1546 1378; x_wconf 86' lang='grc'>,</span> <span class='ocrx_word' id='word_1_198' title='bbox 1574 1333 1636 1372; x_wconf 89' lang='lat' dir='ltr'>die</span> <span class='ocrx_word' id='word_1_199' title='bbox 1660 1333 1790 1386; x_wconf 85' lang='lat' dir='ltr'>quinta</span> <span class='ocrx_word' id='word_1_200' title='bbox 1803 1333 1953 1387; x_wconf 86' lang='lat' dir='ltr'>Aprilis,</span> 
     </span>
     <span class='ocr_line' id='line_1_21' title="bbox 301 1389 1956 1446; baseline -0.001 -12"><span class='ocrx_word' id='word_1_201' title='bbox 301 1397 415 1437; x_wconf 88' lang='lat' dir='ltr'>Anno</span> <span class='ocrx_word' id='word_1_202' title='bbox 440 1391 633 1433; x_wconf 75' lang='lat' dir='ltr'>millesimo</span> <span class='ocrx_word' id='word_1_203' title='bbox 663 1390 984 1446; x_wconf 84' lang='lat' dir='ltr'>septingentefimo</span> <span class='ocrx_word' id='word_1_204' title='bbox 1018 1389 1204 1444; x_wconf 74' lang='lat' dir='ltr'>trigesimo</span> <span class='ocrx_word' id='word_1_205' title='bbox 1239 1404 1314 1430; x_wconf 90' lang='lat' dir='ltr'>uno</span> <span class='ocrx_word' id='word_1_206' title='bbox 1338 1419 1351 1437; x_wconf 83' lang='lat'>‚</span> <span class='ocrx_word' id='word_1_207' title='bbox 1389 1391 1606 1444; x_wconf 82' lang='lat' dir='ltr'>Regnorum</span> <span class='ocrx_word' id='word_1_208' title='bbox 1628 1392 1854 1432; x_wconf 88' lang='lat' dir='ltr'>Nostrorum</span> <span class='ocrx_word' id='word_1_209' title='bbox 1880 1394 1956 1433; x_wconf 86' lang='lat' dir='ltr'>Ro-</span> 
     </span>
     <span class='ocr_line' id='line_1_22' title="bbox 301 1447 1956 1505; baseline -0.002 -9"><span class='ocrx_word' id='word_1_210' title='bbox 301 1452 460 1496; x_wconf 86' lang='lat' dir='ltr'>Romani</span> <span class='ocrx_word' id='word_1_211' title='bbox 490 1449 695 1504; x_wconf 78' lang='lat' dir='ltr'>vigefimo,</span> <span class='ocrx_word' id='word_1_212' title='bbox 731 1448 1012 1505; x_wconf 84' lang='lat' dir='ltr'>Hispanicorum</span> <span class='ocrx_word' id='word_1_213' title='bbox 1044 1447 1223 1504; x_wconf 70' lang='lat' dir='ltr'>vigefimo</span> <span class='ocrx_word' id='word_1_214' title='bbox 1252 1447 1390 1489; x_wconf 70' lang='grc' dir='ltr'>οέὶανό</span> <span class='ocrx_word' id='word_1_215' title='bbox 1415 1478 1430 1496; x_wconf 78' lang='grc'>,</span> <span class='ocrx_word' id='word_1_216' title='bbox 1466 1450 1670 1504; x_wconf 84' lang='lat' dir='ltr'>Hungarici</span> <span class='ocrx_word' id='word_1_217' title='bbox 1702 1453 1740 1490; x_wconf 70' lang='grc' dir='ltr'>ὃ(</span> <span class='ocrx_word' id='word_1_218' title='bbox 1766 1450 1956 1492; x_wconf 81' lang='lat' dir='ltr'>Bohemici</span> 
     </span>
    </p>
   </div>
   <div class='ocr_carea' id='block_1_3' title="bbox 298 1509 775 1566">
    <p class='ocr_par' dir='ltr' id='par_1_3' title="bbox 298 1509 775 1566">
     <span class='ocr_line' id='line_1_23' title="bbox 298 1509 775 1566; baseline -0.006 -13"><span class='ocrx_word' id='word_1_219' title='bbox 298 1511 392 1553; x_wconf 75' lang='lat' dir='ltr'>vero</span> <span class='ocrx_word' id='word_1_220' title='bbox 419 1510 553 1566; x_wconf 76' lang='lat' dir='ltr'>pariter</span> <span class='ocrx_word' id='word_1_221' title='bbox 588 1509 775 1564; x_wconf 80' lang='lat' dir='ltr'>vigesimo.</span> 
     </span>
    </p>
   </div>
   <div class='ocr_carea' id='block_1_4' title="bbox 301 1775 1338 2026">
    <p class='ocr_par' dir='ltr' id='par_1_4' title="bbox 301 1775 1338 2026">
     <span class='ocr_line' id='line_1_24' title="bbox 301 1775 1338 2026; baseline -0.018 -178"><span class='ocrx_word' id='word_1_222' title='bbox 301 1775 901 1850; x_wconf 60' lang='lat' dir='ltr'>CAROLUs</span> <span class='ocrx_word' id='word_1_223' title='bbox 1091 1791 1338 2026; x_wconf 27' lang='lat' dir='ltr'>{FN</span> 
     </span>
     <span class='ocr_line' id='line_1_25' title="bbox 1201 1924 1337 2021; baseline 0 0"><span class='ocrx_word' id='word_1_224' title='bbox 1201 1924 1337 2021; x_wconf 56' lang='lat' dir='ltr'>’V</span> 
     </span>
    </p>
   </div>
   <div class='ocr_carea' id='block_1_5' title="bbox 1439 2088 1952 2204">
    <p class='ocr_par' dir='ltr' id='par_1_5' title="bbox 1439 2088 1952 2204">
     <span class='ocr_line' id='line_1_26' title="bbox 1439 2088 1952 2142; baseline -0.004 -12"><span class='ocrx_word' id='word_1_225' title='bbox 1439 2089 1505 2130; x_wconf 80' lang='lat' dir='ltr'>Ad</span> <span class='ocrx_word' id='word_1_226' title='bbox 1519 2093 1753 2132; x_wconf 75' lang='lat' dir='ltr'>Mandatum</span> <span class='ocrx_word' id='word_1_227' title='bbox 1773 2089 1852 2129; x_wconf 81' lang='lat' dir='ltr'>Sac.</span> <span class='ocrx_word' id='word_1_228' title='bbox 1873 2088 1952 2142; x_wconf 64' lang='lat' dir='ltr'>Caſs</span> 
     </span>
     <span class='ocr_line' id='line_1_27' title="bbox 1495 2150 1861 2204; baseline -0.005 -15"><span class='ocrx_word' id='word_1_229' title='bbox 1495 2150 1650 2202; x_wconf 71' lang='lat' dir='ltr'>Majcst.</span> <span class='ocrx_word' id='word_1_230' title='bbox 1662 2152 1861 2204; x_wconf 80' lang='lat' dir='ltr'>proprium.</span> 
     </span>
    </p>
   </div>
   <div class='ocr_carea' id='block_1_6' title="bbox 293 2242 1947 2349">
    <p class='ocr_par' dir='ltr' id='par_1_6' title="bbox 293 2242 1947 2349">
     <span class='ocr_line' id='line_1_28' title="bbox 293 2242 1947 2349; baseline -0.036 1"><span class='ocrx_word' id='word_1_231' title='bbox 293 2308 353 2349; x_wconf 70' lang='lat' dir='ltr'>Ur</span> <span class='ocrx_word' id='word_1_232' title='bbox 1086 2255 1398 2308; x_wconf 80' lang='lat' dir='ltr'><strong>J·S.HAYECK</strong></span> <span class='ocrx_word' id='word_1_233' title='bbox 1423 2257 1494 2297; x_wconf 82' lang='lat' dir='ltr'>DE</span> <span class='ocrx_word' id='word_1_234' title='bbox 1527 2242 1947 2298; x_wconf 71' lang='lat' dir='ltr'>WALDSTA&#39;TTEN.</span> 
     </span>
    </p>
   </div>
   <div class='ocr_carea' id='block_1_7' title="bbox 1856 2531 1950 2581">
    <p class='ocr_par' dir='ltr' id='par_1_7' title="bbox 1856 2531 1950 2581">
     <span class='ocr_line' id='line_1_29' title="bbox 1856 2531 1950 2581; baseline 0 0"><span class='ocrx_word' id='word_1_235' title='bbox 1856 2531 1950 2581; x_wconf 92' lang='lat' dir='ltr'>DE</span> 
     </span>
    </p>
   </div>
  </div>
 </body>
</html>
