2101 2869
913 161 932 216 (
956 161 1041 216 17)

127 230 1823 316 ffiffifflffiffiffiffiffiffifflffiffoeffiffiffiffiffiffiffiffidu*

123 481 795 553 ELEMENTA
891 482 1818 564 ARITHMETICAE-

491 615 853 668 CAPUT

962 619 1429 673 PRIMUM.

577 741 660 794 De
698 740 954 814 Principiis
980 741 1315 800 Arithmeticae.

270 856 646 898 DEFINITIO
705 857 735 896 L

185 1010 237 1060 k
259 1002 277 1038 f
305 1017 317 1036 ¹·
342 1017 345 1023 ”
395 1009 422 1056 f
467 1009 913 1052 merorumscientia.Pars

300 1088 305 1098 =
467 1070 720 1125 ejuspraeffica
738 1071 788 1110 est
803 1067 914 1110 scien-

201 1130 246 1173 C'
289 1124 358 1183 355-3.
468 1128 516 1167 τίει
548 1128 812 1182 computandi,
838 1128 915 1168 hoc

270 1199 287 1217 ό
410 1179 427 1194 *⁵
469 1187 517 1226 :st
543 1216 553 1229 ,
606 1200 654 1226 ex
687 1186 914 1242 quibusdam

464 1245 624 1285 numeris
672 1246 768 1286 datis
814 1245 915 1286 inve-

107 1305 232 1345 nIendi
257 1305 347 1344 alios
366 1334 379 1352 ‚
410 1317 572 1358 quorum
601 1303 650 1344 ad
677 1305 850 1359 cognitos
862 1318 917 1343 re-

109 1364 199 1403 latio
230 1363 341 1402 datur
371 1378 381 1405 3
421 1375 460 1401 ut
485 1361 509 1401 fi
535 1361 645 1402 fuerit
673 1363 917 1403 inveniendus

108 1434 310 1468 numerus,
346 1421 414 1475 qui
445 1420 595 1461 duobus
628 1428 666 1465 6.
694 1424 733 1463 &
752 1429 789 1466 8.
818 1421 921 1471 junc-

109 1482 176 1521 tim
191 1477 314 1520 sumtis
337 1480 486 1533 aequalis
508 1479 573 1519 est.

345 1539 371 1578 S
387 1549 410 1576 c
437 1549 462 1577 H
480 1550 509 1580 0
523 1549 546 1577 L
565 1550 578 1577 1
595 1551 625 1581 0
642 1550 684 1578 N.

162 1626 196 1648 2.
228 1616 326 1648 Patet
344 1615 421 1647 adeo
438 1640 448 1656 ,
478 1612 729 1648 Arithmeticam
750 1612 919 1658 practicam

109 1661 167 1707 effe
187 1664 365 1698 methodum
391 1663 576 1697 inveniendi
593 1663 774 1709 specialem.
808 1663 861 1698 Ab
880 1663 919 1698 εᾶ

109 1714 212 1758 igitur
227 1738 236 1751 ‚
260 1711 287 1757 [ὶ
301 1714 366 1746 rite
379 1714 569 1747 meditemur
584 1735 594 1750 ‚
609 1712 737 1758 regulas
756 1713 919 1749 invenies.

111 1763 144 1797 di
173 1762 331 1808 generales
354 1759 532 1802 abstrahere
562 1762 648 1797 licet.
700 1764 919 1798 Particularis

111 1813 192 1846 enim
213 1811 374 1846 methodus
388 1812 422 1845 in
444 1813 652 1858 applicatione
670 1811 852 1858 regularum
861 1822 918 1858 ge-

111 1861 263 1896 neralium
288 1859 434 1904 consistit.
457 1863 629 1896 Dederunt
643 1861 750 1908 aliqua
767 1862 827 1897 huc
835 1862 918 1908 spec-

111 1912 215 1946 tantia
236 1910 398 1946 cartesms
425 1912 542 1946 cumin
567 1910 723 1947 Ίναὲἶατκ
742 1912 781 1946 de
796 1913 916 1946 metho-

111 1962 150 1995 do
165 1983 175 2000 ,
204 1969 273 1994 tum
290 1961 323 1995 in
347 1961 389 1995 iis
408 1982 417 1997 ,
451 1972 518 2007 quae
544 1962 581 1996 de
601 1962 721 2007 ingenii
743 1961 918 1997 direffione

110 2011 196 2044 inter
218 2009 382 2056 posthuma
409 2010 568 2045 habentur
583 2033 595 2051 ‚
631 2013 674 2047 (r
696 2010 740 2047 R.
755 2011 792 2047 Ρ.
815 2011 917 2045 Male.
980 2029 987 2042 l

112 2057 285 2093 branchias
311 2061 344 2094 in
367 2062 493 2106 egregio
519 2069 621 2106 ,opere
657 2062 694 2095 de
725 2061 916 2108 inquirenda

111 2110 263 2144 veritate.
297 2109 398 2144 Plura
414 2132 425 2147 ,
453 2111 600 2157 quamvis
621 2110 733 2157 paucis
747 2134 759 2149 ‚
791 2122 846 2146 nos
864 2112 917 2146 da-

110 2159 278 2203 musjnfra
299 2161 365 2201 (5.
396 2159 499 2204 125.)
519 2184 527 2194 .

276 2210 644 2250 DEFINITIO
690 2211 750 2252 ΙΙ.

171 2277 208 2319 3.
241 2265 359 2307 Unum
389 2267 463 2314 est,
495 2269 602 2322 quod
618 2270 667 2309 ita
686 2270 738 2309 est
755 2266 918 2321 aliquid,

110 2334 151 2363 ut
180 2323 281 2365 aliud
308 2337 483 2379 praeterea
509 2326 608 2367 idem
640 2325 711 2368 effe
739 2339 917 2380 nequeat.

112 2381 260 2422 Illustris
273 2382 487 2424 Leibnitius
508 2398 622 2426 unum
639 2384 686 2426 fic
706 2384 858 2426 definit:
880 2386 920 2427 Si

112 2439 151 2481 A
170 2439 210 2480 fit
226 2443 276 2488 B,
306 2456 375 2482 nec
394 2454 570 2496 practerea
590 2447 628 2485 D
646 2457 807 2499 ponatur
849 2446 878 2484 B
904 2473 918 2493 ,

110 2497 174 2539 nifi
191 2500 227 2539 A
246 2502 284 2540 &
297 2502 335 2541 D
346 2501 444 2541 idem
454 2500 520 2542 fint
531 2533 541 2545 ,
557 2517 718 2557 ponetur
734 2506 764 2543 B
789 2516 917 2545 unum.

181 2556 319 2613 Wlffii
339 2561 443 2616 Oper.
462 2563 639 2604 Mathem
658 2565 769 2605 Tom.
790 2564 819 2604 I.

1126 861 1512 901 DEFINITIO
1572 861 1676 905 111.

1052 927 1093 964 4.
1124 919 1260 959 Unitas
1276 920 1329 961 est
1343 916 1567 963 abstraCtufn
1581 950 1594 970 ‚
1621 935 1688 977 per
1704 918 1811 978 quod

994 975 1151 1018 dicimus
1178 992 1305 1020 unum.

1162 1039 1640 1081 D2F1N1r101V.

1057 1105 1092 1146 5.
1143 1096 1314 1138 Unitates
1346 1099 1465 1139 eaedem
1493 1096 1575 1139 sunt
1590 1128 1604 1146 ,
1638 1109 1722 1153 quae
1743 1109 1809 1152 pet

991 1152 1151 1195 eandem
1169 1156 1362 1197 notionem
1382 1154 1634 1211 agnoscuntur
1651 1174 1660 1196 :
1684 1159 1810 1199 diver-

981 1211 1028 1263 fi
1059 1211 1139 1254 sunt
1161 1243 1175 1262 ,
1220 1227 1304 1270 quae
1326 1212 1580 1271 agnoscuntur
1600 1230 1668 1273 per
1686 1215 1809 1268 diver7

992 1269 1058 1313 sas.

1221 1332 1580 1374 ScHoLION.

1048 1394 1082 1424 6.
1115 1393 1276 1427 Ponamus
1300 1404 1328 1427 e.
1360 1402 1412 1438 gr.
1437 1392 1472 1427 A
1500 1391 1558 1437 esse
1578 1389 1708 1437 globum
1729 1392 1809 1440 lapi-

996 1440 1089 1474 deum
1112 1463 1123 1478 ‚
1161 1443 1191 1477 Β
1209 1439 1360 1486 fimiliter
1388 1440 1450 1487 effe
1485 1440 1616 1487 globum
1650 1441 1810 1489 lapideum

997 1489 1122 1525 alium:
1136 1499 1231 1526 erunt
1243 1492 1277 1527 A
1301 1493 1344 1528 ά
1358 1494 1387 1527 Β
1407 1493 1549 1527 unitates
1578 1492 1698 1526 eaedem.
1748 1493 1811 1528 Sed

993 1537 1022 1583 fi
1038 1541 1072 1575 A
1096 1538 1200 1585 fuerit
1216 1540 1329 1587 globus
1345 1541 1490 1589 lapideus
1505 1564 1515 1581 ,
1556 1544 1587 1576 C
1604 1539 1770 1588 plumbeus
1797 1554 1809 1579 ε

997 1598 1089 1624 erunt
1107 1596 1144 1626 A
1161 1592 1203 1626 (ν’
1219 1596 1246 1626 C
1264 1594 1414 1634 unitates¹
1431 1591 1569 1634 diversa.
1602 1590 1731 1638 defi
1743 1592 1811 1630 A,

997 1641 1027 1674 B
1044 1640 1086 1675 Θ·
1109 1643 1140 1674 C
1159 1648 1287 1676 tantum
1310 1651 1348 1676 ut
1371 1639 1484 1687 globos
1503 1639 1676 1686 confideres
1698 1664 1709 1679 ,
1745 1642 1812 1679 eric

996 1690 1096 1724 etiam
1121 1693 1153 1725 C
1166 1691 1275 1726 eadem
1303 1692 1412 1726 unitas
1438 1702 1509 1726 cum
1536 1691 1571 1726 A
1585 1691 1628 1726 (θ’
1647 1693 1689 1725 Β.

1156 1741 1196 1780 D
1217 1751 1236 1779 ε
1260 1753 1278 1780 F
1301 1752 1315 1781 1
1340 1752 1369 1781 N
1392 1752 1405 1780 1
1427 1753 1453 1780 τ
1475 1752 1488 1780 1
1510 1752 1537 1780 O
1599 1742 1652 1781 V.

1052 1807 1094 1849 7.
1134 1798 1173 1840 Si
1189 1798 1227 1838 A
1245 1797 1287 1839 fit
1312 1812 1427 1840 unum
1444 1827 1457 1846 ‚
1490 1801 1519 1840 Β
1542 1797 1584 1839 fit
1599 1811 1714 1841 unum
1730 1827 1745 1848 ,
1771 1801 1810 1842 C

994 1854 1036 1896 fit
1067 1870 1181 1897 unum
1203 1886 1215 1904 ,
1243 1859 1284 1900 D
1301 1857 1343 1898 fit
1360 1871 1477 1898 unum
1502 1860 1576 1897 διε.
1598 1871 1666 1898 nec
1682 1870 1808 1900 tamen

995 1917 1046 1958 B,
1066 1915 1129 1963 C,
1148 1918 1188 1956 D
1208 1919 1282 1957 Sec.
1315 1915 1383 1957 fint
1401 1916 1501 1957 idem
1520 1929 1605 1956 cum
1624 1915 1680 1959 A;
1699 1926 1809 1957 erunt

993 1972 1050 2021 A,
1074 1976 1126 2023 Β,
1145 1975 1206 2022 C,
1239 1977 1279 2017 D
1299 1978 1372 2016 ἃς.
1406 1976 1526 2016 Plura
1559 1971 1621 2016 seu
1656 1976 1808 2017 Multae.

1135 2035 1513 2074 DEFINITIO
1575 2035 1665 2075 VI.

1055 2097 1093 2135 8.
1122 2093 1338 2135 Multitudo
1360 2093 1413 2133 est
1432 2092 1657 2134 abstrastum
1682 2121 1696 2141 ,
1742 2103 1808 2148 per

993 2149 1102 2204 quod
1122 2149 1298 2192 dicuntur
1327 2151 1447 2206 plura.

1115 2212 1500 2251 DEFINITIO
1561 2210 1682 2252 V11.

1056 2279 1096 2316 9.
1119 2268 1157 2308 Si
1176 2269 1213 2309 A
1235 2266 1278 2308 fit
1303 2268 1403 2309 idem
1424 2283 1511 2310 cum
1532 2271 1581 2315 B,
1601 2270 1639 2310 C
1665 2270 1703 2309 &
1720 2265 1809 2309 Dfi-

994 2326 1072 2367 mul
1093 2324 1238 2374 sumtis,
1258 2326 1405 2368 dicetur
1423 2327 1461 2368 A
1489 2326 1620 2368 Tbtum
1637 2342 1648 2371 5
1667 2327 1698 2367 B
1718 2339 1811 2366 vero

994 2388 1033 2428 C
1059 2388 1098 2426 δε
1114 2388 1153 2428 D
1177 2385 1348 2427 dicentur
1368 2387 1447 2438 ejus
1479 2387 1610 2429 Partes
1633 2415 1645 2429 ‚
1694 2387 1733 2426 &
1758 2385 1809 2424 in·

993 2444 1091 2486 tuitu
1124 2446 1237 2500 partis
1264 2447 1295 2485 Β
1320 2446 1480 2501 reliquas
1522 2446 1560 2487 C
1591 2447 1629 2485 &
1657 2447 1697 2485 D
1733 2444 1807 2481 &C-

993 2504 1291 2561 Complememum
1319 2508 1372 2548 ad
1397 2504 1529 2546 Totum
1574 2501 1805 2602 vocasshnus-

1439 2564 1478 2604 C
1707 2569 1728 2600 Ε
1742 2569 1759 2599 F
1772 2567 1806 2607 1„-
