2101 2869
192 227 279 264 '106
450 184 1807 256 ELEMENTA-GEOMETMAEPARSI,

191 312 350 374 graphio
375 313 433 353 HI
465 340 476 358 ,
523 320 645 364 penna
665 317 729 347 aut
760 301 1014 358 plumbagine.

191 404 239 445 Π.
260 405 304 444 In
324 401 427 456 ligno
448 397 507 438 vel
526 394 615 436 saxo

249 463 367 502 Recta
383 457 591 499 delineatur
620 451 733 493 etiam
758 448 830 488 fine
858 446 986 501 regula
1006 474 1017 492 ,

250 521 276 563 fi
300 519 405 560 filum
427 527 526 556 creta
560 511 620 552 vel
643 506 782 550 ceruffa
807 505 1019 546 delibutum

252 578 395 636 punctis
421 574 515 614 datis
540 571 576 613 A
605 573 643 610 ὃ(
662 572 691 609 Β
708 566 935 622 apprimatur
953 567 1013 605 &,

253 637 381 680 medio
392 633 513 688 digitis
524 625 707 686 prehenso
718 656 729 673 ,
744 622 882 665 sursum
901 623 1021 663 traha-

254 711 315 739 tur
336 705 504 747 moxque
523 685 905 730 iterum-demittatur.

203 778 270 818 111.
288 776 331 814 In
356 781 491 823 campo

259 833 376 875 Recta
405 826 618 881 designatur
637 835 702 877 per
724 818 881 860 baculos
901 817 967 856 LK
986 815 1023 855 in

262 890 405 949 punCtis
429 886 523 927 datis
545 880 730 924 beneficio
756 876 890 918 libellae
908 878 952 916 M
976 874 1025 915 ad

264 951 502 994 horizontem
543 936 897 998 perpendiculariter
938 933 1026 975 defi-=

266 1024 336 1053 xos
354 1037 368 1056 ,
393 1017 557 1061 quorum
581 997 780 1040 summitati
802 994 1026 1036 muccinium

44 841 129 876 Tab.
148 838 176 876 I.

42 894 137 941 fig-2
142 901 177 934 9.

267 1081 333 1112 aut
342 1066 472 1108 folium
483 1063 615 1102 chartae
628 1056 774 1098 mundae
785 1055 956 1110 alligatur
970 1082 983 1101 ,
1001 1051 1041 1109 (ἰἶ

266 1143 289 1171 e
306 1125 515 1181 longinquo
540 1117 656 1159 videri
681 1115 858 1157 debeant.

350 1237 801 1281 ScHoLION
863 1224 893 1264 Ι.

266 1326 348 1351 122.
372 1315 450 1346 Cum
475 1305 587 1353 regula
604 1301 778 1339 orichalcece
805 1298 847 1333 &⁹
876 1301 1031 1340 argenteae

211 1368 356 1404 chartam
371 1360 468 1407 facile
481 1360 608 1404 nigrcnt
623 1370 634 1395 ;
650 1355 691 1388 iis
712 1347 948 1398 praeferuntur,
965 1355 1031 1390 quae

212 1429 254 1455 ex
270 1416 362 1462 lignis
386 1410 507 1446 Indicis
526 1413 680 1453 parantur
696 1426 706 1440 ‚
726 1409 763 1435 nt
795 1398 942 1433 ebeninae.
968 1395 1032 1429 His

211 1468 296 1504 enim
318 1468 499 1498 accuratam
525 1456 667 1503 politiem
688 1453 831 1487 inducere
847 1448 918 1482 Licet
938 1469 947 1482 ‚
995 1456 1033 1479 ne

207 1517 314 1562 sordes
337 1513 433 1558 facile
465 1505 694 1547 adhaerescunt,
731 1512 785 1536 nec
807 1497 899 1542 fibrae
916 1497 1034 1542 exiguae

215 1566 330 1603 calami
346 1560 538 1609 graphiique
573 1566 690 1590 motum
718 1548 904 1595 unifhrmem
940 1549 1036 1593 irnpe-

217 1619 308 1652 dianr
323 1634 332 1648 .-
354 1614 436 1660 quod
450 1608 577 1655 quernis
595 1630 604 1644 ,
629 1605 734 1639 nuccis
750 1602 792 1636 Θ
811 1600 862 1635 his
879 1596 1036 1644 fimilibus

211 1665 379 1713 familiare
403 1661 535 1696 vitium.

331 1759 781 1802 SCHOLION
845 1745 924 1785 ΙΙ.

61 1839 147 1876 Tab.
166 1841 194 1876 Ι.
274 1847 355 1877 123-
381 1838 490 1869 Pennae
513 1829 635 1875 optima
645 1823 718 1867 sunt
735 1845 743 1859 ‚
774 1830 837 1866 quae
865 1829 906 1852 ex
929 1825 1040 1850 corvo-

63 1893 153 1939 fig-2
159 1902 193 1932 9.
219 1900 289 1926 rum
303 1886 360 1921 alis
373 1882 551 1919 evelluntur
568 1895 575 1913 .·
593 1883 761 1923 proprerciz
774 1869 855 1917 quod
865 1891 875 1904 ‚
889 1864 1040 1905 anserinis

220 1939 362 1975 duriores
397 1934 487 1968 lineis
496 1923 718 1973 subtilioribus
732 1916 968 1967 &purioribus
984 1918 1039 1949 du-

218 1989 322 2025 cendis
352 1983 539 2024 inserviunt.
587 1973 697 2011 Baculi
718 1983 796 2006 vero
820 1969 889 2008 LI<
918 1965 1040 2011 cuspide

215 2038 328 2085 ferrea
355 2035 394 2075 1<
409 2032 617 2068 muniuntur,
639 2035 675 2059 ut
691 2035 725 2057 eo
751 2018 879 2065 facilius
898 2018 931 2052 in
955 2025 1041 2050 terra

220 2087 388 2137 pracsertim
410 2082 535 2118 duriore
561 2074 655 2121 defigi
679 2079 805 2120 queant.

366 2168 719 2210 SCHOLto'N
779 2153 905 2196 1121.

279 2276 360 2307 124.
393 2264 553 2300 Utendum
579 2271 652 2294 vero
684 2254 724 2296 est
766 2254 945 2288 atramento
986 2253 1046 2278 non

224 2316 380 2353 communi
401 2339 411 2353 ,
431 2313 486 2360 sed
499 2313 601 2346 Sinico
627 2322 635 2347 3
661 2316 729 2341 tum
744 2305 818 2351 quia
839 2307 996 2333 commune
1009 2290 1047 2349 οξ)

225 2365 479 2410 corrofi'vitatem
504 2359 652 2396 vitrioli,
678 2357 760 2402 qnod
782 2351 880 2399 ipsum
908 2345 1048 2392 ingredc-

228 2426 284 2452 tur·
298 2439 308 2457 ,
325 2407 638 2459 chalybeam'graphii
659 2405 813 2451 cuspidem
824 2398 948 2435 arrodit
959 2408 967 2432 3
980 2402 1050 2450 turn

230 2468 306 2513 quia
328 2465 465 2499 Sinicum
489 2459 621 2504 facilius
644 2455 743 2502 effluit
762 2480 771 2492 ‚
804 2447 930 2502 etiamst⁴
948 2453 1050 2499 atrius

226 2517 270 2562 fit
290 2514 455 2552 communi.
483 2509 619 2550 Accedit
636 2528 647 2546 ,
673 2505 754 2551 quod
782 2502 884 2536 Sinico
907 2496 993 2531 lzncae
1006 2505 1052 2528 nc-

234 2567 368 2602 tidiores
384 2565 536 2600 ducantur
554 2582 564 2597 ‚
587 2568 682 2603 quam
707 2552 873 2590 communia

1252 297 1281 335 P
1309 308 1335 335 R
1361 309 1386 336 o
1413 306 1432 333 Β
1466 305 1488 333 L
1521 305 1541 333 E
1570 305 1599 332 M
1630 304 1654 331 A
1716 292 1782 331 IL

1164 365 1261 407 125.
1285 356 1432 396 Duobus
1461 354 1599 393 baculis
1625 357 1665 391 in
1675 350 1750 404 so'lo
1769 350 1926 403 defixisj

1104 420 1251 455 tertium
1275 416 1341 454 vel
1364 415 1489 468 plures
1516 416 1556 451 in
1591 413 1709 451 eadem
1729 411 1827 449 recia
1845 422 1922 448 cum

1104 479 1153 514 iis
1180 477 1342 528 infigere.

1256 533 1754 575 RfisoLtrrto.

1163 589 1320 631 Baculus
1363 589 1412 628 ita
1448 585 1639 640 infigitur,
1682 597 1722 624 ut
1749 583 1864 625 oculo
1889 582 1927 622 in

1105 664 1221 690 unum
1237 649 1379 689 directo
1408 647 1521 685 ceteri
1539 658 1616 684 non
1640 654 1853 698 appareant.

1165 708 1277 751 Ratio
1310 721 1331 746 a
1351 704 1495 745 luminis
1533 703 1718 743 rectilinea
1739 712 1928 756 propaga-

1108 769 1210 809 tione
1225 764 1385 821 petenda
1398 793 1410 810 ,
1440 763 1489 803 de
1507 775 1583 817 qua
1600 762 1637 801 in
1656 761 1814 815 Opticis.

1197 828 1635 866 PRoBLEMA
1698 821 1827 860 III.

1170 892 1266 930 126.
1296 882 1456 924 Limam
1471 884 1604 921 reorum
1625 883 1762 921 metiri.

1277 943 1311 983 R
1346 953 1365 982 E
1398 955 1414 980 s
1445 954 1471 980 o
1505 951 1529 979 L
1563 951 1589 978 U
1626 952 1651 977 T
1690 950 1704 980 1
1741 951 1780 977 o.

1171 1003 1236 1045 Ad
1271 1013 1400 1042 manus
1436 998 1477 1039 fit
1513 995 1654 1038 neceffe
1677 991 1933 1036 estunensura

1113 1066 1171 1114 (§.
1187 1064 1279 1112 23).
1314 1059 1501 1101 NImirum
1525 1071 1596 1112 pro
1622 1055 1727 1096 lineis
1752 1055 1789 1094 in
1808 1053 1935 1094 charta

1113 1122 1207 1163 datis
1240 1117 1504 1161 abscindantur
1548 1130 1595 1156 ex
1635 1116 1706 1155 RT
1731 1126 1782 1157 10
1812 1125 1934 1168 partes

1114 1180 1274 1236 aequales
1303 1176 1544 1232 longitudinis
1577 1174 1776 1215 arbitrariae
1796 1202 1808 1220 ‚
1852 1185 1936 1226 quae

1115 1240 1229 1296 pedes
1250 1237 1441 1291 delignent
1464 1252 1471 1274 :
1500 1233 1740 1276 intervallum
1759 1245 1851 1272 vero
1886 1243 1936 1273 10

1116 1300 1256 1356 pedum
1280 1298 1341 1337 Rs
1365 1297 1402 1335 in
1421 1293 1605 1335 reficluum
1628 1294 1731 1333 lineae
1763 1289 1937 1331 tranfera-

1116 1372 1198 1406 tur,
1225 1355 1374 1412 quoties
1392 1353 1470 1394 fieri
1487 1354 1625 1408 potest(
1635 1358 1700 1399 §.2
1712 1361 1728 1402 5
1742 1351 1772 1404 ).
1787 1352 1830 1390 In
1841 1363 1938 1389 cam-

1118 1432 1169 1474 po
1188 1416 1252 1457 vel
1264 1427 1413 1460 catena,
1442 1412 1502 1453 vel
1518 1412 1605 1452 fune
1623 1409 1832 1452 cannabino
1845 1437 1858 1455 ,
1877 1407 1940 1447 vel

1120 1477 1258 1533 pertica
1273 1475 1310 1515 in
1323 1473 1460 1526 digitos
1473 1501 1484 1518 ‚
1506 1472 1620 1525 pedes
1641 1474 1678 1511 ὃς
1693 1466 1940 1521 decempedas

1121 1535 1284 1591 legitime
1311 1530 1431 1573 divifis
1459 1530 1609 1570 utimur.
1657 1526 1797 1568 Sufficit
1815 1537 1941 1566 autem

1124 1596 1289 1636 ultimam
1319 1584 1586 1644 decempedam
1614 1589 1650 1629 in
1677 1587 1792 1641 pedes
1825 1587 1862 1624 &
1880 1597 1943 1638 pe-

1125 1655 1212 1695 dem
1232 1652 1404 1692 ultimum
1429 1650 1465 1688 in
1484 1649 1620 1702 digitos
1645 1645 1775 1687 dividi.
1809 1642 1943 1698 Qod-

1125 1714 1149 1753 fi
1174 1725 1264 1767 ergo
1281 1710 1414 1749 lineam
1435 1709 1571 1748 rectam
1594 1705 1714 1751 metiri
1738 1703 1912 1755 jubearis.

1126 1775 1155 1813 I.
1175 1773 1217 1810 In
1243 1770 1370 1810 charta

1132 1834 1342 1874 1.Ponatur
1370 1840 1451 1866 crus
1491 1825 1614 1865 circini
1643 1836 1758 1863 unum
1782 1822 1819 1861 in
1845 1819 1881 1861 A
1908 1820 1947 1858 &

1185 1903 1233 1929 eo
1254 1884 1369 1940 usque
1387 1886 1572 1940 aperiatur
1591 1914 1601 1926 ,
1630 1882 1755 1923 donec
1785 1878 1946 1921 alterum

1185 1959 1407 1993 extremum
1418 1947 1447 1984 B
1473 1943 1643 1997 attingat.

1131 2018 1168 2052 2.
1182 2009 1278 2047 Mox
1297 2004 1514 2044 circinicrus
1534 2014 1647 2040 unum
1667 2000 1704 2038 in
1712 1996 1787 2037 fine
1799 1995 1947 2036 decem-

1188 2065 1292 2121 pedae
1309 2063 1483 2113 alicujus2
1502 2074 1535 2100 e.
1558 2073 1613 2113 gr.
1638 2059 1673 2097 in
1707 2069 1770 2099 10.
1787 2065 1948 2109 ponatur

1190 2128 1422 2166 &notetur,
1452 2132 1652 2173 quemnam
1678 2116 1814 2171 pedem
1850 2125 1948 2152 men-

1191 2182 1275 2224 surae
1291 2180 1449 2220 alterum
1480 2177 1636 2232 attingat
1651 2206 1661 2218 ,
1694 2189 1728 2216 e.
1742 2188 1796 2229 gr.
1817 2183 1852 2224 ς.
1871 2170 1949 2211 Erit

1191 2242 1287 2282 linea
1313 2240 1384 2279 AB
1401 2246 1441 2279 10
1458 2236 1502 2288 5'.

1133 2304 1179 2342 Π.
1193 2303 1234 2342 In
1253 2300 1405 2351 Campo

1140 2373 1175 2403 1.
1192 2362 1234 2400 In
1258 2369 1418 2410 utroque
1447 2354 1548 2394 lineae
1576 2363 1746 2393 extremo
1765 2347 1953 2402 erigantur

1195 2416 1320 2458 baculi
1348 2418 1413 2463 (§.
1452 2415 1554 2461 121)
1577 2416 1638 2453 ὃς,
1668 2409 1693 2449 s1
1709 2421 1753 2449 ca
1783 2403 1956 2447 mensurae

1188 2474 1467 2530 ‘longitudinem
1494 2470 1662 2525 superet,
1691 2467 1958 2508 constituantur

1199 2549 1283 2576 cum
1306 2534 1345 2574 iis
1362 2532 1423 2573 alii
1447 2532 1483 2572 in
1504 2530 1636 2571 eadem
1659 2528 1823 2576 redte-(§.
1842 2533 1914 2573 125
1929 2525 1956 2570 ).

1824 2592 1862 2626 2.
1890 2584 1960 2624 Fu&
