2101 2869
335 171 540 231 capnt
596 171 699 213 DE
759 167 1197 212 NUMssnrs
1258 169 1678 215 FRAcrrs.
1803 187 1856 227 59

205 272 245 314 Si
277 270 440 324 denique
478 279 696 308 numerator
738 267 860 317 major
904 266 956 306 est

143 332 427 374 denominatore
440 345 450 371 ,·
462 341 530 383 per
553 327 692 382 hypoth.
720 326 844 381 plures
862 326 955 366 dan-

143 404 205 433 tur
239 393 360 445 partes
383 416 395 435 ,
445 400 559 441 quam
596 386 712 426 habet
754 387 952 440 integrum.

145 450 220 493 Sed
239 460 296 489 tot
320 459 462 502 partes,
485 457 582 501 quot
600 446 716 486 habet
742 446 952 500 integrum,

143 511 289 563 integro
323 506 485 561 aequales
522 503 605 545 sunt
637 504 698 558 (§.
721 505 814 558 86).
850 507 954 559 Ergo

141 569 325 621 integrum
356 566 451 620 parti
486 564 672 605 fraffionis
702 564 846 619 aequale
874 564 952 611 est,

138 625 408 681 consequenter
425 622 500 679 ipsa
516 624 664 679 integro
678 625 798 676 major
811 626 951 674 (§.20).

139 685 250 739 de
266 699 347 727 erat
378 689 542 725 tertium.

316 759 771 798 SCHoLloN.

192 845 274 868 222.
303 832 487 866 Frafflones
512 834 634 877 integro
660 831 793 878 ‘equales
821 833 872 866 vel
900 842 950 866 eo-

139 885 208 918 dem
239 882 371 927 majores
403 884 550 918 dicuntur
583 884 679 927 vulgo
710 881 844 928 spuriae,
873 884 949 928 quia

135 936 267 981 proprie
302 935 454 980 loquendo
482 930 656 976 studiones
690 944 750 967 non
779 929 854 975 lunt
890 931 965 979 nz'fi¹

137 995 204 1031 quae
230 986 355 1031 integro
378 985 528 1019 minores.
552 982 614 1028 (ὃ.
629 984 703 1024 38).

204 1052 645 1091 PROBLEMA
708 1050 876 1090 XVII.

198 1137 296 1179 223.
326 1127 521 1172 Invenire,
553 1137 638 1179 quot
672 1130 818 1181 integra
839 1126 949 1180 frac-

136 1193 187 1228 tio
216 1187 285 1240 (Ξ)
307 1216 320 1235 ,
363 1202 435 1241 quae
473 1190 612 1239 integro
650 1191 766 1240 major
784 1214 796 1233 ‚
835 1190 948 1227 conti-

133 1259 231 1287 mat.

302 1306 334 1346 R
362 1316 382 1344 E
412 1317 428 1345 s
458 1316 486 1345 o
516 1315 541 1344 L
571 1315 598 1343 U
630 1316 655 1342 T
686 1315 700 1343 1
733 1316 775 1344 o⁴

194 1404 426 1442 Numerator
466 1409 489 1446 8
516 1416 582 1456 per
617 1402 947 1444 denominatorem

133 1471 161 1508 4
180 1460 396 1502 dividatur:
432 1459 520 1502 dico
542 1491 554 1510 ,
598 1474 761 1518 quotum
791 1471 815 1506 2
853 1461 948 1502 indi-

131 1533 247 1567 care,
282 1520 390 1575 quod
419 1521 633 1575 petebatur.

175 1591 906 1633 DEMONSTRATIO.

190 1667 343 1724 Qotus
387 1667 487 1707 enim
523 1675 546 1709 2
577 1665 717 1706 indicat
740 1694 751 1708 ‚
794 1666 944 1720 quoties

128 1726 396 1768 denominator
426 1737 454 1773 4
480 1726 517 1766 in
543 1737 783 1766 numeratore
809 1733 830 1769 8
856 1740 944 1766 con-

129 1788 291 1827 tineatur
327 1789 345 1837 (
357 1789 498 1835 §.69).
563 1785 639 1827 Sed
675 1784 943 1826 denominator

129 1846 231 1887 idem
258 1845 309 1886 est
337 1859 423 1885 cum
444 1845 591 1900 integro
621 1846 680 1899 (§.
699 1844 789 1895 59).
837 1848 941 1900 Ergo

127 1917 267 1960 quotus
306 1904 474 1952 indicat,
506 1905 655 1959 quoties
686 1904 874 1959 integrum
902 1906 940 1944 in

124 1964 307 2006 fraffione
343 1964 590 2005 contineatur.
654 1964 758 2017 Qe.
785 1965 821 2004 d.

222 2045 571 2082 PROBLEMA
634 2042 837 2083 XVIII.

187 2123 282 2161 224.
319 2115 481 2169 Integros
508 2130 673 2155 numeros
700 2116 865 2158 reducere
892 2118 945 2157 ad

115 2174 340 2227 frac‘lionem
359 2175 644 2215 denominatam
674 2176 769 2216 dati.

320 2251 738 2291 REsoLUTlo.

128 2337 163 2367 1.
197 2326 473 2381 Multiplicetur
494 2341 667 2369 numerus
693 2330 839 2387 integer
872 2345 940 2389 per

179 2385 509 2427 denominatorem
535 2387 679 2430 datum.

122 2451 163 2487 2.
195 2447 345 2486 Fadium
368 2443 547 2488 scribatur
571 2447 660 2489 loco
677 2450 936 2492 numeratoris.

182 2503 240 2545 Ita
258 2506 417 2561 teperies
440 2501 589 2562 3ss2ssg,
646 2514 763 2561 :³6⁰³
819 2514 935 2564 :²53-

1176 268 1722 309 DEMONSTRATIO.

1104 352 1165 394 Est
1200 367 1335 409 nempe
1353 351 1491 393 faffum
1518 351 1567 392 ad
1597 351 1857 397 denominato-

1045 426 1123 453 rem
1153 411 1284 453 datum
1307 443 1317 456 ,
1358 424 1399 453 ut
1431 425 1608 452 numerus
1637 412 1782 467 integer
1808 416 1857 457 ad

1045 474 1228 513 unitatem
1272 476 1334 522 (§.
1357 479 1423 516 66.
1450 480 1527 519 169
1539 471 1568 523 ).
1630 472 1704 513 Sed
1741 473 1858 516 unitas

1045 534 1085 572 δε
1115 532 1384 573 denominator
1410 531 1519 572 datus
1539 528 1622 571 sunt
1650 531 1751 571 idem
1770 533 1857 574 inte-

1043 605 1152 646 grum
1169 594 1328 643 (§.59).
1352 593 1455 645 Ergo
1473 590 1605 631 fractio
1628 593 1665 631 <Sc
1683 605 1859 634 numerus

1042 652 1188 707 integer
1212 651 1373 706 aequales
1395 648 1479 691 sunt
1506 653 1567 699 (§·
1586 661 1665 701 177
1675 650 1702 701 ).
1719 652 1855 705 Qad.

1101 714 1548 752 THEOREMA
1611 710 1792 752 XLIX.

1103 790 1201 832 225.
1233 778 1445 822 Fraaziones
1471 782 1683 838 homogeneae
1708 787 1858 839 aequales

1029 839 1122 894 stmt
1139 870 1152 888 ,
1183 857 1339 896 quarum
1359 854 1606 883 numeratores
1631 843 1776 897 adsttos
1801 848 1859 886 de-

1040 906 1285 941 nominatores
1320 903 1467 942 eandem
1497 907 1674 943 rationem
1702 904 1855 948 habent,-

1041 967 1157 1015 major
1191 963 1241 1014 est
1259 989 1271 1007 ,
1297 967 1400 1016 cujus
1431 975 1640 1002 numerator
1667 963 1775 1004 habet
1800 979 1857 1005 ra-

1040 1025 1174 1060 tionem
1206 1027 1376 1075 majorem
1398 1035 1408 1063 5
1448 1026 1567 1062 minor
1598 1038 1686 1063 vero
1701 1052 1716 1071 ‚
1754 1030 1856 1072 cujus

1039 1093 1249 1121 numerator
1268 1081 1376 1121 habet
1398 1086 1585 1121 minorem.
1791 1073 1799 1079 ³

1173 1153 1720 1195 DEMoNSTRATIO.

1101 1231 1204 1272 Cum
1222 1229 1419 1271 fractiones
1447 1230 1544 1271 inter
1574 1227 1611 1272 se
1634 1229 1705 1273 fint
1721 1232 1856 1276 homo-

1039 1303 1165 1345 geneae
1178 1319 1191 1337 ,
1211 1306 1257 1331 ex
1273 1291 1413 1346 hypoth.
1431 1289 1481 1330 ad
1500 1290 1660 1332 eandem
1677 1293 1855 1335 unitatem

1041 1350 1252 1391 referuntur
1283 1351 1345 1402 (§.
1363 1353 1469 1401 35),
1491 1349 1669 1406 adeoque
1695 1350 1855 1407 ipsarum

1038 1409 1345 1450 denominatores
1380 1409 1483 1449 idem
1520 1421 1646 1451 totum
1688 1411 1855 1454 referunt

1040 1468 1103 1522 (§.
1114 1467 1203 1521 ς9),
1235 1471 1365 1526 Qare
1384 1468 1410 1509 fi
1427 1481 1686 1510 numeratores
1704 1471 1753 1512 ad
1771 1470 1856 1513 suos

1037 1529 1346 1569 denominatores
1383 1527 1544 1569 eandem
1575 1529 1760 1572 rationem
1790 1532 1854 1573 ha-

1038 1588 1151 1631 bent,
1167 1588 1366 1629 fraCtiones
1385 1588 1546 1643 aequales
1566 1587 1648 1629 sunt
1664 1592 1853 1644 (§.177):

1036 1648 1141 1699 cujus
1160 1662 1253 1688 vero
1274 1646 1460 1688 frastionis
1486 1661 1702 1689 numerator
1719 1650 1769 1691 ad
1788 1651 1854 1692 de-

1035 1708 1314 1749 nominatorem
1343 1706 1446 1748 suum
1467 1708 1651 1758 rationem
1669 1711 1851 1762 majorem

1034 1767 1151 1808 habet
1168 1797 1180 1814 ,
1212 1781 1256 1808 ea
1284 1768 1405 1819 major
1430 1767 1511 1808 ests
1546 1769 1650 1819 cujus
1680 1784 1851 1812 numera-

1032 1839 1094 1868 tor
1131 1828 1317 1868 minorem
1351 1827 1467 1868 habet
1494 1855 1507 1873 ,
1558 1841 1603 1868 ea
1641 1830 1764 1871 minor
1797 1831 1851 1871 est

1089 1948 1135 1987 E.
1156 1979 1180 2000 ζ,
1204 1977 1212 1986 .
1241 1949 1262 1995 -ἓ
1441 1950 1710 2000 ,0=}g={.
1772 1947 1848 1990 Sed

1090 2021 1114 2047 <

1226 2066 1251 2105 S
1279 2078 1302 2105 C
1335 2077 1360 2105 H
1384 2079 1409 2106 o
1439 2077 1461 2106 L
1488 2078 1503 2110 1
1534 2081 1560 2108 ο
1588 2078 1635 2108 Ν.

1085 2129 1166 2159 226.
1199 2125 1399 2172 Intelligittaer
1430 2128 1508 2162 adeo
1533 2128 1686 2162 identitas
1710 2124 1845 2170 fraflio-

1029 2185 1130 2213 num,
1159 2174 1188 2220 si
1213 2185 1399 2211 numerator
1433 2178 1528 2212 unius
1557 2180 1654 2212 toties
1688 2179 1844 2212 continea-

1029 2232 1086 2258 tur
1115 2227 1149 2260 in
1177 2227 1414 2262 denominatore
1434 2227 1489 2271 suo
1508 2250 1519 2265 ,
1550 2230 1672 2274 quoties
1695 2239 1843 2262 numera-

1028 2282 1081 2309 tor
1101 2276 1237 2312 alterius
1261 2278 1294 2312 in
1311 2277 1367 2322 fito
1390 2280 1584 2313 continetur.
1637 2279 1764 2313 Frac‘h'o
1786 2279 1842 2312 mi-

1028 2337 1088 2360 nor
1117 2325 1175 2371 effe
1202 2327 1398 2374 intelligitur
1419 2351 1429 2368 ‚
1464 2327 1492 2373 fi
1526 2337 1713 2363 numerator
1749 2327 1844 2374 ipsius

1025 2379 1149 2423 pluries
1162 2380 1342 2414 continetur
1355 2381 1388 2414 in
1407 2378 1459 2420 suo
1480 2380 1735 2418 denominatore,
1750 2389 1843 2423 quam

1027 2437 1217 2464 numerator
1245 2432 1378 2465 alterius
1405 2430 1439 2463 in
1466 2427 1789 2469 denominatorefuo:
1810 2428 1845 2461 id

1027 2480 1112 2524 quod
1139 2479 1252 2525 divisio
1279 2481 1527 2518 denominatoris
1564 2489 1624 2526 per
1660 2484 1843 2513 numerato-

1028 2540 1097 2567 rem
1124 2533 1246 2578 prodit.

1411 2583 1449 2623 H
1482 2589 1504 2623 2
1675 2578 1844 2624 (20κοί-
