2101 2869
211 179 292 222 230
383 171 789 215 ELEMENTA
849 174 1502 221 TRIGONOMETRIAE
1564 179 1811 223 PLANAE.

325 269 360 309 T
389 281 418 309 H
453 281 473 309 Ε
507 283 532 310 o
566 281 591 310 R
624 281 643 310 Ε
679 283 709 311 Μ
743 281 768 309 A
832 272 850 311 Ι
866 274 911 311 Χ.
1111 280 1219 331 nempe
1238 273 1304 319 fitu
1339 283 1407 310 tam
1428 276 1512 311 lineae
1527 276 1612 318 AC,
1638 287 1734 323 quam
1766 279 1830 314 AB
1849 289 1929 313 com.

56 372 190 414 Tab.11,
274 373 340 410 81.
363 365 404 406 Si
422 368 696 419 instrumentum
723 372 764 408 in
800 368 839 407 A
855 383 925 407 non
941 367 1025 420 fue·
1109 322 1241 369 mlffum.

56 425 261 473 fig-walt
287 426 570 466 horizontaliter
596 429 803 466 collocatum
828 456 838 468 ‚
875 426 945 479 fid
965 430 1029 467 vel
1190 414 1219 453 P
1252 423 1278 451 R
1308 426 1333 451 0
1364 424 1384 451 B
1420 424 1444 453 L
1479 423 1499 451 E
1533 425 1563 452 M
1599 425 1623 452 A
1684 414 1843 455 XXIX·

204 497 413 554 quantita&
435 488 561 539 angull
579 483 694 524 ΒΑΕ
716 485 839 554 mystis
856 486 1026 555 hormen.
1171 516 1237 558 83.
1275 510 1420 549 Metiri
1446 511 1678 550 altitudinem
1711 510 1919 565 inacceffitm
1939 518 2072 556 Tab.11.

204 556 275 585 tem
309 546 530 584 znclznatmn
555 546 620 583 vel
651 557 861 597 quantztate
897 546 1023 598 angult
1106 565 1195 608 AB·
1937 571 2072 617 fig-21·

204 598 321 645 ΕΑΒ
344 602 389 642 ab
408 605 523 642 eodem
538 604 754 642 reclinatum
775 620 784 645 ,·
812 608 883 642 erit
895 605 1023 642 altitu-

204 663 247 702 do
272 677 364 701 vera
399 663 451 701 ad
464 660 603 714 falsam
638 673 678 701 ut
713 674 865 716 tangens
895 664 1022 715 anguli

205 725 291 761 veri
348 718 382 758 C
386 718 467 760 AB
513 721 566 759 aa'
625 732 829 774 tangentem
885 727 1022 761 erronei

205 778 516 820 CADvelCAE.

334 839 884 880 DEMoNSTRATIO.

253 935 391 975 Sumto
410 934 509 974 enirn
529 933 595 974 AB
615 947 685 987 pro
710 932 841 980 radio,
881 933 947 973 CB
967 933 1019 972 est

187 1005 350 1048 tangens
375 993 502 1048 anguli
522 992 600 1031 veri
630 992 734 1032 (ΖΑΒ
761 993 777 1039 (
796 996 829 1038 §.
851 994 916 1042 7).
960 993 1016 1031 In-

193 1052 391 1097 serendum
407 1065 501 1106 ergo
522 1065 530 1087 :
555 1062 595 1090 ut
623 1049 718 1090 finus
737 1062 838 1089 totus
860 1051 910 1090 ad
937 1062 1014 1090 tan-

195 1123 345 1167 gentem
365 1111 469 1152 CAB
482 1112 531 1151 ita
550 1110 617 1150 AB
631 1109 681 1149 ad
700 1108 933 1149 altitudinem
951 1123 1015 1149 ve-

196 1184 290 1212 ram.
320 1169 481 1210 Infertur
501 1181 628 1210 autem
657 1180 724 1222 per
751 1181 945 1208 errorem:
975 1179 1015 1208 ut

196 1229 290 1270 finus
312 1240 415 1269 totus
432 1228 481 1269 ad
504 1238 721 1282 tangentem
747 1225 862 1267 CAD
874 1227 923 1266 ita
949 1226 1015 1267 AB

195 1288 245 1329 ad
258 1287 494 1329 altitudinem
506 1300 712 1328 erroneam.
753 1285 1016 1342 Qamobrem

195 1359 238 1389 nt
255 1359 410 1402 tangens
425 1346 531 1388 (ΖΑΒ
545 1345 595 1386 ad
607 1356 825 1399 tangentem
839 1344 955 1385 CAD
964 1345 1016 1385 ita

194 1405 358 1446 altitudo
388 1419 478 1446 vera
506 1405 555 1446 ad
596 1417 789 1444 erroneam
826 1407 844 1453 (
856 1414 899 1453 ᾗ.
934 1410 1012 1452 196

195 1465 364 1507 Arithm.
375 1465 406 1518 ).
444 1464 552 1514 Quod
565 1475 645 1504 erat
654 1468 831 1517 primum.

254 1523 361 1564 Idem
391 1523 528 1563 eodem
560 1521 678 1561 modo
711 1521 917 1562 ostenditur
940 1550 951 1568 ,
989 1520 1014 1561 fi

195 1582 476 1623 instrumentum
496 1580 702 1636 quantitate
719 1580 845 1635 anguli
872 1580 971 1620 EAB
992 1593 1014 1620 a

158 1674 161 1676 .
196 1640 263 1682 fitu
294 1641 516 1682 horizontali
553 1639 763 1681 reclinetur.
811 1638 921 1691 Qod
934 1652 1013 1680 erat

198 1702 365 1742 alterum.

384 1761 409 1801 S
442 1772 466 1799 c
501 1771 528 1799 H
561 1773 587 1800 o
620 1770 645 1799 L
681 1768 694 1796 1
724 1772 750 1799 ο
784 1767 829 1797 Ν.

247 1861 305 1895 82.
328 1856 447 1892 Eadem
469 1866 542 1902 ergo
563 1857 614 1891 hic
630 1858 730 1890 locum
750 1851 867 1889 habent
884 1855 1011 1887 corolla-

191 1911 261 1946 ria,
275 1919 340 1955 quae
358 1908 444 1941 modo
460 1907 647 1941 theoremati
669 1905 853 1949 praecedenti
873 1901 1009 1946 subjeci-

190 1970 274 1995 mus.
301 1960 453 1992 Caeterum
474 1964 565 2002 patet
588 1955 774 1990 altitudines
802 1952 930 1988 exactas
950 1964 1010 1986 non

190 2008 332 2046 inveniri
360 2005 400 2043 ob
433 2006 587 2053 duplicem
619 2015 787 2045 errorem,
824 2014 865 2038 ex
891 2002 1009 2046 vitioso

1318 626 1697 666 RfisoLUUo.

1111 723 1145 754 1.
1168 710 1362 765 Eligantur
1379 710 1461 750 duae
1485 711 1659 751 stationes
1679 713 1716 752 G
1737 713 1814 751 &E
1834 724 1920 750 cum

1163 770 1356 810 altitudine
1382 768 1448 809 AB
1475 769 1511 808 in
1552 770 1685 809 eadem
1715 771 1812 810 reeta
1841 770 1857 822 (
1876 780 1918 819 5.

1164 836 1249 874 284
1277 827 1402 868 Geom.
1420 826 1436 879 )
1469 840 1575 867 tanto
1606 828 1806 868 intervallo
1853 830 1921 869 DF

1165 887 1362 933 distantes,
1393 898 1433 926 ut
1459 887 1616 941 angulus
1646 887 1749 928 FAD
1784 901 1861 927 non
1879 885 1922 926 sit

1165 945 1272 986 nimis
1298 945 1480 999 exiguus,
1509 959 1577 986 nec
1610 945 1724 989 altera
1749 945 1866 985 statio*
1886 947 1922 986 G

1164 1004 1272 1044 nimis
1301 1004 1423 1045 vicina
1448 1003 1636 1044 altitudini
1671 1005 1736 1046 AB
1770 1005 1831 1059 (§.
1849 1011 1920 1056 78.

1169 1070 1224 1107 80
1242 1067 1272 1112 ).
1623 1109 1626 1110 ⁷

1105 1132 1143 1167 2.
1198 1121 1445 1176 Investigetur
1471 1121 1656 1175 quantitas
1693 1121 1918 1177 angulorum

1160 1180 1278 1221 ADC
1308 1209 1320 1227 ,
1355 1180 1458 1221 AFC
1495 1183 1533 1220 δε
1572 1180 1668 1220 CFB
1714 1183 1799 1230 (§.
1839 1190 1916 1232 152

1162 1239 1289 1280 Geom.
1304 1242 1342 1289 >,
1369 1239 1534 1293 itemque
1550 1238 1728 1280 distantiae
1752 1242 1822 1282 FD
1839 1239 1919 1281 lon-

1161 1298 1293 1354 gitudo
1315 1299 1374 1352 (§.
1395 1304 1473 1341 126
1494 1296 1662 1349 Ceam).

1105 1369 1126 1409 3
1134 1357 1360 1400 .Inveniatur
1367 1357 1526 1411 primum
1544 1356 1580 1396 in
1591 1357 1778 1412 triangulo
1795 1356 1916 1405 ΑΗ),

1159 1431 1206 1457 ex
1224 1416 1318 1456 datis
1332 1414 1472 1469 angulo
1490 1416 1529 1456 D
1539 1428 1607 1470 per
1616 1416 1896 1469 observationem
1905 1444 1918 1463 ‚

1162 1478 1200 1516 &
1228 1474 1368 1528 angulo
1390 1472 1495 1514 AFD
1512 1475 1529 1528 (
1548 1480 1582 1522 §.
1608 1485 1686 1523 149
1706 1472 1861 1526 Geom.)
1880 1477 1919 1515 δε

1162 1535 1274 1574 latere
1291 1536 1380 1579 ΡΙ),
1400 1532 1493 1572 latus
1510 1532 1574 1572 AF
1599 1535 1614 1581 (
1624 1536 1657 1578 §.
1678 1540 1728 1583 36
1742 1538 1777 1586 );
1803 1533 1888 1574 dein
1901 1561 1916 1580 ‚

1157 1608 1203 1633 ex
1212 1593 1310 1633 notis
1321 1593 1356 1632 in
1367 1591 1556 1645 triangulo
1571 1591 1679 1632 ACF
1696 1604 1830 1646 praeter
1839 1605 1917 1633 rec-

1157 1664 1238 1693 tum
1257 1652 1294 1692 C
1309 1649 1447 1706 angulo
1463 1652 1491 1690 F
1509 1654 1547 1692 &
1566 1650 1681 1691 latere
1706 1651 1771 1691 AF
1783 1679 1793 1693 ,
1820 1650 1916 1691 latus

1158 1711 1235 1752 AC
1247 1712 1414 1764 itemque
1433 1710 1532 1759 CF(
1547 1712 1582 1754 §.
1610 1711 1710 1762 36),·
1737 1709 1909 1752 tandem,

1155 1784 1203 1810 ex
1219 1769 1376 1823 cognitis
1399 1769 1436 1808 in
1453 1768 1641 1822 triangulo
1660 1769 1756 1808 FCB
1781 1780 1912 1822 praeter

1156 1830 1296 1869 rectum
1311 1829 1348 1869 C
1361 1826 1500 1882 angulo
1515 1828 1610 1867 CFB
1627 1829 1665 1867 ὃς
1683 1826 1798 1867 latere
1821 1828 1886 1867 CF
1896 1855 1909 1874 ,

1155 1887 1253 1928 latus
1282 1888 1350 1927 CB
1376 1888 1444 1942 (§.
1467 1892 1554 1934 36).

1096 1958 1136 1995 4.
1164 1945 1364 1987 Addantur
1393 1944 1468 1985 AC
1504 1947 1542 1984 δε
1561 1945 1644 1985 CB.
1689 1945 1745 1983 Ita
1782 1942 1909 1996 prodit

1150 2004 1311 2046 altitudo
1331 2002 1477 2060 quaefita
1493 2003 1558 2044 AB
1570 2008 1625 2053 (§.
1640 2009 1693 2046 86
1712 2000 1905 2050 Arithm.).

742 2144 851 2191 ,Finis
897 2144 1187 2202 Trtgonometriae
1207 2143 1335 2197 planae.

1567 2557 1906 2606 ELEMENTA
