2101 2869
247 176 302 217 84

542 121 998 203 ELEMEN'TA
1058 155 1692 200 ARITHMETICAE.

251 275 290 315 2.
322 257 510 319 Equidem
528 257 759 303 manifestum
778 256 830 297 est
842 285 855 304 ‚
883 257 899 304 (
910 259 1034 305 §.334
1044 257 1061 304 )

308 335 552 367 numerorum
571 351 582 369 ‚
614 318 678 375 qui
705 318 742 358 in
772 313 868 356 scala
895 312 1062 369 progres—

309 382 418 426 sionis
438 378 673 437 gcometricae
697 390 773 417 non
804 374 1063 421 continentur,

309 442 554 499 logarithmos
589 447 783 479 accuratos
822 433 954 474 haberi
988 446 1066 473 non

310 500 413 560 posse
435 517 445 546 ς
483 499 582 541 adeo
624 509 750 536 tamen
786 493 879 534 veris
915 492 1065 547 propin·

311 575 410 618 quos
435 559 599 614 reperire
629 556 714 595 licet
732 583 744 602 ,
783 564 824 593 ut
847 581 858 600 ,
896 550 921 591 fi
963 549 1064 591 usum

310 620 447 677 speeies
473 648 486 666 ,
545 614 725 657 accuratis
786 610 1064 667 aequipolleant.

312 679 432 736 Qod
464 689 506 718 ur
540 685 747 730 appareat,
785 684 971 726 ponamus
1012 670 1066 710 in-

312 737 538 780 veniendum
562 732 632 775 effe
657 731 928 787 logarithmum
952 743 1065 770 nove-

313 798 404 841 narii
432 794 492 836 seu
519 805 557 843 9·
592 795 692 834 Inter
734 803 767 833 1.
796 801 1003 833 0000000
1030 791 1067 828 &

320 871 384 904 10.
397 865 603 899 0000000
615 862 801 907 quaeratur
820 848 965 890 medius
983 861 1069 903 pro-

315 915 533 976 portionalis
552 914 589 954 C
612 917 628 962 (
640 917 673 959 §.
688 909 797 962 301)
821 911 860 949 &
890 908 985 948 inter
1006 921 1068 947 eo-

315 992 397 1020 rum
423 973 667 1030 logarithmos
698 983 739 1013 0.
761 979 997 1012 00000000
1014 978 1068 1030 at:

315 1050 391 1093 que
423 1048 457 1078 1.
484 1043 720 1077 00000000
739 1027 883 1069 medius
902 1025 1069 1081 aequidit‘-

316 1096 436 1139 ferens
466 1095 527 1147 (§.
543 1090 674 1144 330),
703 1089 771 1144 qui
795 1087 864 1128 erit
890 1085 1069 1141 logarith-

317 1169 397 1198 mus
417 1152 521 1208 ipfius
540 1153 577 1193 C
591 1153 644 1205 (§.
661 1148 760 1202 334)
773 1176 785 1195 >
805 1146 878 1186 hoc
896 1147 948 1186 est
965 1174 977 1192 ‚
1002 1158 1067 1185 nu-

317 1219 410 1262 meri
428 1216 630 1259 ternarium
651 1211 852 1267 superantis
887 1206 1068 1265 &gg—offi-

317 1284 491 1336 adeoque
508 1293 531 1321 a
549 1275 755 1320 novenario
767 1272 928 1314 multum
936 1270 1069 1310 distan-

317 1344 376 1385 tiff.
413 1343 611 1397 Qaeratur
623 1337 718 1377 inter
732 1337 761 1374 B
780 1335 819 1373 &
837 1333 875 1373 C
895 1330 985 1370 alius
998 1342 1071 1376 me-

318 1402 399 1444 dius
416 1395 705 1456 proportionalis
716 1396 755 1436 D
773 1422 785 1440 ,
805 1392 871 1447 qui
889 1388 943 1457 ad·
957 1401 1073 1428 nove-

318 1461 463 1506 narium
487 1458 639 1516 propius
656 1452 801 1498 accedit
826 1480 839 1500 ,
871 1453 910 1492 &
933 1460 1027 1490 mter
1045 1449 1073 1488 B

1207 257 1246 296 &
1264 258 1303 298 D
1323 255 1447 297 adhuc
1468 255 1559 296 alius
1586 257 1616 296 E
1646 258 1685 296 δε
1703 253 1753 295 ita
1774 267 1888 309 porro
1901 257 1965 300 alii

1212 314 1307 357 inter
1340 329 1515 357 numeros
1546 314 1753 356 novenario
1793 318 1965 369 proxime

1211 376 1368 427 majores
1395 377 1433 415 ὃ(
1461 376 1645 422 minores,
1672 374 1794 415 donec
1813 376 1966 418 tandem

1211 437 1413 490 reperiatur
1436 445 1476 483 9.
1517 446 1724 478 0000000
1742 463 1754 482 ,
1780 433 1854 474 hoc
1882 436 1935 475 est
1951 464 1964 485 ³

1213 499 1418 545 9333223-‘335
1453 493 1522 546 (§.
1547 497 1659 544 305)
1686 514 1697 534 .·
1740 494 1925 548 quiffcum
1943 509 1965 536 a

1212 552 1421 593 novenario
1440 567 1487 593 ne
1507 553 1613 592 unica
1628 553 1781 606 quidem
1807 554 1967 608 particu-

1211 612 1246 652 la
1274 610 1528 652 millionefima
1554 610 1722 655 differam
1754 613 1832 664 ejus
1864 613 1967 668 loga-

1212 670 1367 712 rithmus
1387 671 1476 711 citra
1498 670 1641 710 errandi
1664 670 1867 725 periculum
1899 686 1970 728 pro

1212 729 1441 785 logarithmo
1458 730 1650 770 novenarii
1663 729 1834 771 habetur.
1854 733 1968 773 Error

1211 790 1309 830 enirn
1330 787 1472 844 semper
1491 790 1613 829 minor
1630 786 1700 829 effe
1716 788 1831 829 debet
1860 792 1969 832 unica

1214 847 1478 889 millionefima.
1521 850 1745 902 Qaerantur
1772 849 1899 903 itaque
1929 851 1968 891 in

1213 908 1387 962 quolibet
1406 905 1491 948 casu
1520 908 1733 963 logarithmi
1756 908 1968 950 mediorum

1214 967 1551 1022 proportionalium
1593 969 1631 1007 Sc
1674 968 1724 1007 ita
1768 967 1969 1009 habebitur

1211 1026 1364 1067 tandem
1384 1026 1627 1081 logarithmus
1642 1027 1834 1067 novenarii
1847 1040 1968 1084 prope

1212 1100 1322 1127 verus
1341 1099 1382 1129 0.
1406 1095 1651 1137 95424251.

1185 1179 1193 1188 .
1214 1146 1252 1187 Si
1283 1144 1420 1186 eodem
1440 1145 1558 1186 modo
1571 1145 1666 1185 inter
1686 1144 1721 1185 A
1741 1147 1778 1185 ἃ
1794 1145 1966 1188 Cnume-

1214 1219 1274 1246 ros
1293 1204 1437 1245 medios
1454 1204 1755 1259 proportionales
1776 1210 1966 1258 quaeras&

1213 1264 1477 1306 convenientes
1497 1263 1740 1318 logarithmos
1754 1262 1899 1319 singulis
1918 1263 1969 1306 εί-

1215 1324 1331 1379 fignes
1356 1352 1368 1370 2
1392 1323 1596 1364 invenietur
1613 1323 1767 1363 tandem
1789 1323 1970 1379 logarithy

1217 1397 1298 1425 mus
1320 1383 1463 1425 numeri
1485 1392 1507 1427 2
1537 1385 1575 1425 &
1593 1382 1646 1423 ita
1668 1395 1796 1438 porro.

1736 2587 1986 2624 CAzcuLi
