2101 2869
19 478 103 515 Tab.

17 532 50 570 Ν
61 535 87 567 1.

399 199 546 256 Capu
603 199 690 240 DE
751 194 1090 241 RATIONE
1152 202 1612 247 SOLIDORUM.
1796 220 1873 262 203

231 297 593 338 THEoREMA
655 297 878 337 XXXVL

208 366 304 407 579·
335 356 476 412 Sphaerae
494 356 586 410 fimt
606 368 648 396 ut
664 355 746 395 cubi
771 357 966 396 diametro-

142 429 236 455 rum.

204 477 897 515 DEMoNsTRATlo.

204 533 260 573 Sit
274 532 415 573 circulo
432 532 570 574 DAEB
586 531 813 587 quadratum
839 534 967 574 GFIH

20 579 116 629 ΠΨ*
144 589 487 646 circumscriptum(
504 598 537 640 §.
560 603 580 642 3
591 602 636 644 51
654 589 683 644 ).
707 591 854 648 Qodfi
866 589 966 633 semi-

144 650 302 693 circulus
326 651 424 692 AEB
459 664 545 692 cum
572 650 764 706 quadrato
807 651 966 692 dimidio

143 712 286 752 AGHB
313 710 411 750 circa
437 724 548 751 axem
564 723 806 750 communem
827 711 894 751 AB
925 710 965 750 in

143 769 279 811 orbem
314 782 513 810 moveatur
529 799 542 817 ,
579 768 641 810 ille
659 767 834 823 sphaeram
852 800 862 812 ,
890 769 965 809 hoc

144 828 356 883 cylindrum
402 826 588 870 describet
608 857 620 876 ‚
671 828 775 879 cujus
808 828 973 869 altitudo

144 887 213 929 AB
234 887 420 929 diametro
433 888 526 928 bafis
548 889 604 929 IH
624 887 773 942 aequalis
792 891 811 937 (
819 893 968 939 §.470.

144 954 226 998 465
258 952 286 998 ).
338 950 469 1011 Qare
499 946 524 987 fi
555 960 739 1002 ponamus
789 946 969 988 circulum

144 1006 269 1047 adhuc
290 1006 404 1048 alium
424 1021 510 1048 curn
529 1006 717 1062 quadrato
727 1005 890 1048 similiter
904 1007 969 1047 cir-

145 1063 388 1121 cumscripto;
404 1067 587 1122 quoniam
609 1079 656 1106 ex
683 1066 925 1107 theorematis
941 1076 965 1110 2

145 1128 244 1167 Part.
255 1138 269 1169 1
280 1157 288 1166 .
300 1125 620 1167 demonstratione
630 1126 773 1166 constat
781 1127 829 1178 (5
833 1157 842 1167 .
853 1138 867 1170 1
880 1137 899 1176 3
912 1128 967 1177 ς),

144 1199 300 1226 omnem
310 1183 581 1226 semicirculum
593 1182 662 1226 effe
670 1184 775 1226 alteri
791 1185 945 1226 similem
955 1215 968 1233 ,

145 1248 185 1285 &
204 1244 272 1284 AB
291 1244 340 1285 ad
362 1247 433 1285 BH
450 1244 656 1300 utrobique
674 1245 726 1285 est
745 1256 787 1285 ut
812 1257 826 1287 1
853 1245 937 1288 ad2
952 1275 965 1290 2

142 1303 319 1358 adeoque
342 1304 599 1358 rediangulum
617 1317 732 1345 unum
746 1305 853 1345 alteri
873 1304 967 1345 fimi-

141 1363 176 1405 le
193 1369 203 1409 (
219 1369 253 1411 §.
272 1374 347 1415 175
364 1365 396 1407 );
419 1363 507 1403 inde
526 1363 768 1418 generabitur
778 1361 914 1419 sphaera
927 1368 966 1406 ἃς

141 1422 332 1477 cylindrus
349 1422 455 1464 alteri
474 1422 595 1462 similis
617 1426 676 1470 (§.
710 1435 724 1466 1
741 1435 803 1472 19.
839 1433 920 1467 120
937 1423 964 1470 ).

141 1484 247 1523 Cum
260 1481 359 1523 adeo
369 1496 414 1523 ea
424 1481 629 1536 utrobique
642 1482 856 1523 coincidant
867 1513 880 1531 ,
897 1497 966 1538 pet

139 1555 226 1597 quae
243 1554 265 1581 a
295 1539 331 1582 se
356 1540 518 1582 invicem
548 1541 721 1596 distingui
761 1542 930 1583 debebat
951 1573 963 1591 ,

139 1600 249 1656 quod
276 1600 315 1640 in
338 1613 502 1655 utroque
537 1599 619 1641 casu
644 1602 879 1656 gignitur(§.
909 1612 965 1649 24

141 1659 273 1702 Arith.
293 1667 327 1713 ),·
342 1660 411 1700 erit
434 1658 626 1714 cylindrus
658 1674 751 1700 unus
776 1661 826 1701 ad
861 1659 963 1703 suam

142 1717 321 1774 sphaeram
360 1730 402 1758 ut
444 1718 538 1758 alter
569 1719 619 1760 ad
652 1717 751 1760 suam
784 1718 962 1775 sphaeram

144 1781 161 1829 (
184 1788 227 1827 ,οἳ
265 1787 359 1827 132.
398 1777 595 1829 Arithm.)
616 1807 630 1826 ‚
692 1777 963 1834 consequenter

140 1836 288 1892 sphaerae
315 1834 396 1878 sunt
424 1837 520 1877 inter
567 1836 602 1879 se
636 1849 677 1879 ut
711 1839 766 1879 isti
805 1839 964 1895 cylindri

142 1897 212 1950 (5.
247 1908 322 1948 173
369 1896 538 1938 Arithm.
557 1896 587 1951 ).
679 1899 835 1939 Habent
871 1914 964 1955 ergo

139 1955 326 1996 rationem
353 1955 575 2010 triplicatam
593 1956 865 1999 diametrorum
889 1962 906 2009 (
920 1968 963 2009 §-

149 2025 227 2066 575
241 2018 258 2065 )
276 2014 352 2056 hoc
367 2016 442 2062 est,
479 2027 520 2055 ut
542 2016 630 2057 cubi
649 2018 855 2058 earundem
874 2016 965 2061 exis-

143 2077 262 2126 tunt(
278 2080 323 2120 5.
340 2075 604 2128 259Aritbm.
625 2079 656 2130 ).
692 2076 780 2136 ξε.
812 2079 848 2121 d.

1006 299 1012 375 ι
1131 298 1492 354 THEOREMA
1556 305 1796 346 XXXVH.

1120 416 1214 458 580.
1236 406 1424 464 AEqrmlia
1447 413 1750 467 parallelepspeda
1763 444 1770 455 ,
1784 420 1874 470 prisss

1054 481 1175 513 mata,
1206 471 1361 522 cylindri
1375 498 1384 510 ‚
1419 474 1498 509 coni
1512 485 1555 515 (y
1567 475 1773 525 pyramides
1790 484 1873 518 reci-

1046 539 1204 583 procant
1215 527 1311 581 baſss
1324 527 1369 573 (ῤ’
1378 531 1610 571 altitudines.

1115 635 1809 682 DEMONSTRATIO.

1117 745 1157 786 Si
1185 745 1284 785 enim
1308 745 1387 786 haec
1409 760 1570 801 corpora
1601 746 1740 789 fuerint
1756 763 1875 804 aequa-

1056 803 1105 844 lia
1115 832 1127 851 ,
1143 803 1242 845 facta
1251 819 1297 845 ex
1309 804 1455 845 basibus
1465 806 1502 845 in
1514 806 1748 848 altitudinem
1757 822 1876 863 aequa-

1057 862 1107 904 lia
1123 861 1202 905 sunt
1219 862 1283 909 (AY.
1300 876 1317 917 5
1328 872 1379 916 36
1408 868 1504 915 ἅτε.)
1520 867 1782 921 Qamobrem
1800 869 1878 909 alti-

1059 923 1155 964 tudo
1180 926 1348 979 corporis
1374 925 1410 966 A
1425 925 1477 966 est
1497 925 1546 966 ad
1569 924 1804 968 altitudinem
1829 928 1878 968 al-

1059 983 1172 1023 terius
1192 987 1221 1025 B
1244 985 1297 1025 uti
1323 985 1515 1039 reciproce
1532 984 1624 1024 bafis
1656 985 1762 1041 ipsius
1781 989 1811 1027 B
1830 986 1879 1028 ad

1060 1041 1162 1139 lgafin
1186 1043 1310 1143 ὁὶΞρίῑυε
1357 1044 1394 1085 Α
1432 1046 1449 1093 <
1473 1056 1518 1096 5.
1559 1052 1642 1092 229
1686 1047 1878 1094 Arithm.)

1060 1132 1108 1154 κ.
1137 1119 1167 1144 e.
1214 1134 1221 1142 .

1128 1215 1490 1255 THEOREMA
1539 1214 1816 1257 XXXVIII.

1120 1330 1216 1374 581·
1233 1322 1425 1379 Cylindrus
1441 1354 1454 1372 ,
1475 1332 1578 1380 cujus
1596 1327 1753 1366 altitudo
1769 1338 1877 1380 aequa-
1891 1312 2021 1352 Tab.X.

1053 1384 1103 1422 lis
1111 1385 1161 1435 qs}
1177 1385 1354 1424 diametro
1372 1384 1488 1438 hastos
1503 1415 1514 1427 ‚
1533 1388 1583 1440 est
1600 1388 1654 1427 ad
1662 1385 1790 1428 cubum
1798 1387 1874 1427 dia·
1914 1367 1994 1457 ἒξ

1045 1447 1162 1485 metri
1179 1455 1219 1484 ut
1250 1449 1332 1495 785
1347 1446 1401 1484 ad
1416 1456 1536 1488 1000.
1912 1479 1944 1503 n.
1963 1476 1995 1501 h

1111 1553 1816 1599 DEMONSTRATIO.

1111 1661 1149 1703 Si
1161 1662 1345 1704 diameter
1360 1663 1426 1704 AB
1446 1676 1542 1712 100,
1564 1665 1634 1705 erit
1654 1663 1748 1706 basis
1758 1673 1812 1716 78
1824 1676 1875 1717 50

1051 1728 1104 1773 (§.
1125 1725 1245 1774 429).
1273 1725 1321 1764 Et
1339 1724 1520 1777 quoniam
1543 1724 1705 1766 altitudo
1726 1726 1875 1767 DC:-

1051 1782 1118 1824 AB
1151 1811 1164 1829 2
1202 1795 1270 1838 per
1310 1783 1449 1838 hypoth.
1513 1781 1683 1835 soliditas]
1716 1783 1877 1838 cylindri

1053 1853 1080 1893 7
1087 1842 1295 1894 85000(5
1299 1872 1308 1882 .
1329 1852 1346 1893 ς
1354 1852 1404 1888 41
1421 1847 1449 1892 ).
1478 1843 1553 1883 Sed
1568 1844 1687 1884 cubus
1707 1842 1877 1884 diametri

1052 1902 1390 1944 AB=loooooo
1408 1908 1464 1951 (55.
1484 1913 1558 1953 531
1576 1905 1597 1945 ).
1623 1906 1726 1959 Ergo
1746 1903 1876 1958 Cylin-

1053 1960 1143 2002 drus
1152 1959 1205 2001 ad
1217 1960 1358 2001 cubum
1367 1960 1538 2002 diametri
1553 1974 1594 2003 ut
1604 1971 1658 2015 78
1670 1975 1686 2016 5
1705 1963 1754 2004 ad
1770 1973 1877 2006 100&

1055 2021 1115 2070 <§.
1143 2028 1219 2067 181
1246 2020 1412 2069 Arnim.
1434 2022 1459 2065 ).
1489 2021 1640 2078 ζωαί
1696 2053 1700 2062 ,

1052 2638 1131 2682 CC
1164 2647 1187 2682 2
1679 2617 1892 2669 CAPUT
